3250 4684
1674 188 1759 248 42

503 366 889 480 praesidium
937 395 1289 481 Qarq‘isijae
1313 397 1362 482 1)
1408 396 1660 470 veritus,
1704 397 1786 462 ab
1831 397 1951 461 hac
1993 396 2150 461 urbe
2194 395 2449 462 deflexit
2491 397 2930 481 desertumque

503 502 729 587 petivit
759 508 823 568 et
851 503 935 568 ad
964 503 1149 568 urbes
1193 491 1412 581 'Arak,
1458 504 1753 579 Tadmur,
1800 504 1897 568 el-
1915 502 2251 588 Qarjatain
2284 504 2565 581 accessit,
2597 503 2755 569 bene
2778 525 2928 569 con-

510 611 697 692 gruit.
790 608 974 674 Nunc
1019 609 1212 674 etiam
1256 610 1688 693 intelligimus,
1754 632 1950 694 quare
1997 611 2063 675 in
2121 610 2465 694 partitione
2518 611 2697 694 regni
2746 610 2933 676 Sala-

513 715 650 780 dini
710 736 777 780 er
791 753 820 764 -
839 715 1101 781 Rahaba
1158 717 1347 782 simul
1410 725 1473 782 et
1534 716 1808 782 Tadmur
1866 717 2114 782 cuidam
2161 738 2236 781 ex
2280 718 2565 800 cognatis
2625 716 2932 796 Shirkfih,

505 821 639 887 filio
700 822 1124 901 Muhammad‚
1179 822 1311 888 filio
1358 821 1616 901 Sirkfih,
1678 823 1988 889 attributa
2044 824 2144 901 sit,
2203 824 2503 908 quoniam
2558 824 2758 888 eidem
2816 823 2932 897 adr

505 927 797 994 iacebant
838 929 993 994 viae.
1087 929 1264 1007 Quod
1305 931 1495 996 etiam
1540 929 1736 994 Hims
1779 930 1977 996 eidem
2023 930 2243 996 addita
2288 938 2399 1008 est,
2446 930 2600 995 satis
2644 950 2932 1014 compro-

506 1035 634 1112 bat,
681 1034 870 1100 etiam
916 1035 1064 1101 illuc
1119 1037 1285 1101 viam
1344 1036 1612 1102 duxisse.
1710 1037 1878 1102 Olim
1939 1037 2209 1121 quidem,
2269 1044 2430 1103 teste
2473 1037 2624 1104 Tab.
2670 1037 2930 1102 Peutin-

505 1142 785 1224 geriana‚
830 1142 911 1207 ab
942 1142 1283 1226 Apamaea,
1327 1143 1483 1208 urbe
1516 1143 2043 1227 frequentissima,
2086 1144 2191 1208 via
2221 1143 2533 1227 quaedam
2563 1144 2927 1228 Palmyram

508 1268 724 1312 versus
767 1247 1054 1325 duxerat,
1099 1251 1278 1314 cuius
1322 1250 1626 1315 stationes
1659 1256 1842 1315 erant
1877 1250 2157 1315 Theleda
2180 1252 2251 1335 2),
2285 1251 2627 1327 Occaraba,
2661 1250 2928 1316 Centum

510 1355 712 1419 Putea
731 1354 804 1440 3).
896 1353 1072 1420 Haec
1117 1356 1221 1421 via
1265 1363 1542 1440 tempore
1589 1357 1972 1433 MuslemicO,
2018 1379 2157 1421 cum
2213 1357 2532 1441 Apamaea
2590 1356 2720 1420 iam
2779 1361 2929 1421 ante

510 1461 840 1545 Palmyrae
885 1461 1371 1528 destructionem
1428 1462 1605 1527 humi
1665 1464 1897 1528 iaceret
1952 1469 2015 1527 et
2075 1463 2340 1528 saeculis
2400 1462 2929 1546 subsequentibus

509 1567 681 1631 omni
745 1576 989 1634 careret
1045 1576 1358 1634 momento
1376 1618 1393 1646 ,
1454 1570 1645 1652 plane
1699 1576 2058 1636 evanuerat.
2147 1570 2247 1634 Ex
2303 1569 2659 1652 Apamaeae
2713 1576 2926 1634 autem

516 1674 760 1738 iactura
804 1674 1002 1739 Hims
1046 1675 1437 1741 commodum
1475 1675 1713 1759 cepisse
1755 1676 2047 1759 viamque
2076 1675 2535 1740 Tadmurenam
2581 1674 2928 1758 arripuisse

515 1780 784 1857 videtur,
831 1782 1116 1864 quamvis
1192 1781 1297 1847 vix
1358 1782 1641 1847 dubitari
1676 1783 1893 1865 possit,
1950 1781 2101 1865 quin
2162 1788 2368 1858 antea,
2441 1787 2515 1846 ut
2573 1804 2650 1847 ex
2701 1782 2929 1847 itinere

511 1887 837 1953 Aureliani
880 1894 1013 1953 toto
1059 1909 1200 1952 cum
1245 1888 1519 1953 exercitu
1549 1888 1633 1953 ab
1665 1887 1859 1952 Hims
1891 1888 2174 1953 Tadmur
2223 1909 2439 1952 versus
2484 1878 2762 1953 confecto
2794 1887 2927 1954 elu-

512 1999 626 2072 cet,
673 2000 736 2058 et
783 1994 936 2077 quia
981 1994 1150 2059 linea
1192 1995 1567 2071 rectissima,
1612 2017 1741 2078 qua
1770 2015 2003 2060 merces
2057 1994 2466 2079 Palmyrenae
2517 2016 2691 2059 mare
2732 1993 2925 2060 attin-

507 2120 654 2180 gere
694 2106 967 2183 possent,
1011 2101 1163 2166 urbs
1205 2103 1330 2167 sita
1375 2107 1532 2178 erat,
1579 2102 1684 2166 via
1721 2123 1981 2185 prorsus
2012 2124 2139 2167 non
2170 2101 2376 2167 fuerit.
2438 2101 2649 2166 Etiam
2679 2106 2919 2184 postea,

511 2228 650 2271 cum
719 2206 997 2272 Tadmur
1011 2257 1026 2284 ,
1095 2215 1288 2292 caput
1356 2208 1607 2291 quidem
1676 2208 1942 2285 deserti,
2009 2207 2329 2274 territorio
2394 2206 2589 2273 Hims
2669 2206 2917 2272 adiecta

515 2320 650 2377 erat
695 2313 1093 2397 eiusdemque
1121 2315 1325 2396 gentis
1356 2314 1643 2381 homines
1674 2314 2004 2398 utriusque
2031 2314 2208 2379 urbis
2240 2335 2451 2379 muros
2491 2313 2920 2398 impleverant,

512 2440 664 2482 num
685 2403 692 2410 ⁶
707 2441 820 2503 per
862 2425 960 2485 tot
1004 2421 1255 2486 saecula
1301 2421 1435 2486 sine
1479 2421 1583 2485 via
1628 2421 1891 2486 societas
1946 2428 2009 2487 et
2052 2421 2488 2486 commercium
2531 2426 2664 2485 tam
2708 2420 2925 2502 vigens

512 2546 877 2609 permanere
920 2527 1170 2611 potuit?
1259 2527 1575 2594 Stationes
1633 2532 1858 2601 autem¹
1902 2549 2043 2592 cum
2112 2526 2283 2610 apud
2344 2526 2735 2610 geographos
2795 2545 2921 2590 non

517 2640 954 2710 memorentur,
999 2633 1403 2718 permittatur
1468 2634 1611 2698 illos
1675 2638 1901 2717 puteos
1960 2638 2073 2698 aut
2115 2634 2284 2699 vicos
2336 2632 2507 2717 apud
2552 2630 2931 2697 Mutanabbi

513 2745 793 2822 repertos
814 2743 863 2819 4)
889 2745 1201 2822 repetere:
1246 2729 1573 2816 el-‘Awir,
1606 2740 1878 2824 Nihjam,
1918 2739 2124 2805 locum
2159 2740 2341 2804 illum
2371 2738 2562 2805 etiam
2605 2738 2781 2815 „viae
2825 2737 2932 2803 de-

517 2845 709 2911 serti“
757 2845 1174 2923 adiacentem,
1220 2847 1318 2912 el-
1333 2848 1598 2912 Baidam
1614 2896 1632 2925 ,
1678 2846 1944 2912 Ghudar
1960 2894 1977 2923 ,
2021 2844 2337 2931 el-Djifar
2352 2894 2368 2922 ,
2410 2865 2675 2928 quorum
2717 2844 2932 2928 plures

516 2957 683 3016 certe
721 2952 886 3017 inter
929 2951 1316 3018 desideratas
1366 2954 1513 3018 illas
1559 2954 1863 3018 stationes
1907 2951 2183 3036 ponendi
2230 2958 2394 3017 sunt.
2417 2952 2471 3032 5)

691 3058 933 3123 Deinde
965 3060 1020 3123 si
1050 3065 1537 3143 perscrutamur,
1584 3081 1860 3144 quanam
1892 3059 1995 3123 via
2024 3058 2358 3143 Benjamin
2389 3056 2755 3123 Tudelensis
2785 3078 2932 3140 pro-

695 3217 734 3284 ¹)
772 3218 855 3270 Ad
890 3217 1088 3271 flumen
1138 3218 1355 3283 Khabfir
1402 3218 1517 3285 sita,
1566 3219 1599 3273 6
1638 3234 1805 3286 paras».
1854 3217 1919 3271 ab
1955 3216 2277 3271 er-Rakaba
2313 3216 2530 3284 distanS,
2579 3215 2635 3268 in
2672 3214 2932 3284 triangulo

515 3322 549 3358 a
583 3305 801 3359 flumine
837 3306 1105 3374 Euphrate
1141 3307 1361 3360 Khabur
1397 3307 1690 3375 excipiente
1729 3306 1928 3359 effecto.
2004 3305 2162 3374 (Jaq.)

586 3424 590 3428 Δ
701 3396 740 3463 ²)
777 3395 857 3448 De
914 3396 1082 3464 prima
1128 3395 1326 3465 aliquid
1363 3396 1587 3449 adiicere
1633 3410 1875 3463 possum:
1930 3394 2219 3462 Assomani,
2256 3394 2320 3446 de
2353 3392 2759 3462 MonophysitiS‚
2804 3392 2933 3446 Coe-

518 3484 734 3536 nobium
782 3477 1026 3537 Thel’eda
1074 3486 1227 3539 affert
1277 3484 1579 3553 regionique
1643 3483 2000 3536 Antiochenae
2061 3483 2116 3535 id
2164 3482 2433 3549 attribuit,
2484 3482 2623 3550 quod
2658 3482 2832 3550 potius
2867 3482 2935 3535 ad

519 3573 788 3641 antiquam
812 3572 1094 3627 Theledam
1128 3574 1364 3628 referam.
1437 3572 1698 3625 Eusebius
1718 3572 1770 3624 et
1795 3571 2124 3625 Ammionius
2156 3571 2210 3623 id
2247 3569 2555 3625 coenobium
2582 3570 2934 3639 condiderant,

517 3662 652 3714 teste
687 3661 1019 3716 Theodoreto.
1093 3662 1225 3716 Tum
1262 3662 1504 3716 monachi
1539 3662 1753 3714 ineunte
1795 3659 2005 3714 saeculo
2041 3659 2119 3713 VI
2144 3660 2408 3713 doctrinae
2442 3657 2933 3727 Monophysitarmn

517 3750 778 3803 favebant.
852 3750 1050 3804 Eodem
1084 3750 1198 3805 loco
1223 3750 1364 3805 Bar-
1384 3748 1624 3804 Hebraeo
1650 3751 1783 3802 teste
1807 3749 1840 3801 J
1842 3749 2035 3803 acobus
2064 3747 2364 3801 Edessenus
2387 3747 2649 3801 novennio
2673 3748 2935 3821 moratus-

521 3838 726 3891 Veteris
761 3839 1077 3893 Testamenti
1128 3839 1290 3894 libros
1345 3837 1661 3893 emendavit.
1737 3838 1916 3906 Abest,
1971 3839 2033 3890 ut
2084 3852 2280 3905 mappa
2316 3835 2651 3904 Kiepertiana
2697 3836 2935 3904 testatur,

518 3927 737 3996 paulum
772 3944 805 3981 a
839 3926 1105 3997 SalamijJ'a
1139 3931 1193 3982 et
1227 3930 1293 3983 ad
1329 3929 1581 3983 orientem
1619 3927 1834 3997 quidem
1869 3941 2073 3979 versus

697 4018 738 4085 3)
778 4012 1024 4068 Πλοὺτεα
1060 4019 1198 4086 apud
1233 4017 1595 4072 Ptolemaeum
1633 4017 1867 4070 eundum
1902 4014 2078 4069 locum
2115 4029 2231 4068 esse
2270 4012 2519 4067 credibile
2556 4014 2653 4066 est.

695 4105 737 4174 ⁴¹)
774 4104 909 4158 Vide
949 4108 1107 4173 caput
1140 4106 1208 4160 H.

698 4194 740 4263 5)
776 4193 948 4248 Etiam
985 4194 1348 4250 el-Furkulus
1383 4194 1544 4248 huius
1581 4195 1734 4248 seriei
1769 4193 2076 4247 inserendus
2112 4193 2206 4261 est,
2264 4192 2328 4245 cf.
2381 4206 2491 4257 cap.
2528 4189 2610 4256 113
2671 4188 2719 4241 el
2738 4187 2930 4242 -Baida

524 4285 736 4351 puteuS,
784 4298 942 4351 quem
997 4282 1052 4335 in
1105 4299 1294 4351 mappa
1346 4301 1378 4338 a
1423 4283 1642 4352 Kiepert
1694 4282 1900 4351 depicta
1953 4281 2216 4350 signatum
2250 4279 2405 4333 video
2419 4319 2433 4348 ,
2487 4278 2571 4331 vir
2616 4276 2937 4331 clarissimus
