3250 4684
1433 294 1514 355 33

256 504 643 586 scripturam
673 503 1110 586 Palmyrenam
1155 504 1387 584 legant,
1432 502 1639 567 simile
1669 508 1766 568 est
1807 502 2437 586 interpretationibus
2472 503 2682 568 hiero-

259 609 705 694 glyphicarum
773 609 1022 693 saepius
1046 608 1097 693 ¹)
1156 608 1506 674 affirmatis.
1601 607 1785 686 Quod
1845 630 2067 692 graves
2122 615 2333 674 autem
2394 615 2681 674 auctores

257 715 379 780 has
421 715 673 780 fabulas
722 736 847 779 non
892 716 1265 793 refutarunt,
1312 737 1695 799 quamquam
1734 715 2065 782 historiam
2094 716 2268 780 illius
2299 716 2527 781 aetatis
2557 736 2683 781 non

259 809 666 905 ignorabant,
726 821 1085 887 credulitati
1135 823 1370 887 nimiae
1410 822 1546 888 fere
1588 822 1867 888 omnium
1913 822 2289 906 scriptorum
2334 822 2686 888 attribuen-

263 928 416 992 dum
461 934 574 994 est.

439 1068 615 1135 Inter
681 1068 841 1134 alias
904 1068 1137 1134 multas
1209 1073 1453 1135 statuas
1513 1070 1553 1136 J
1556 1073 1728 1154 aqut,
1774 1069 2071 1148 Qazwini,
2114 1069 2226 1135 alii
2272 1091 2464 1134 unam
2507 1091 2689 1154 prae-

262 1174 501 1251 dicant,
531 1175 869 1258 imaginem
902 1175 1171 1240 duarum
1191 1175 1508 1258 virginum
1532 1176 1813 1242 brachiis
1841 1178 2008 1241 inter
2038 1196 2104 1241 se
2128 1177 2611 1260 complexamm,
2635 1178 2687 1251 2)

260 1281 502 1365 quippe
556 1303 719 1364 quae
763 1283 928 1347 inter
971 1287 1068 1346 tot
1110 1290 1516 1348 monumenta
1559 1282 1983 1366 antiquitati-²3,
2041 1304 2201 1366 quae
2245 1283 2477 1347 circum
2520 1282 2688 1347 Tad-

264 1409 412 1452 mur
459 1395 785 1453 asservata
829 1394 994 1465 sunt,
1057 1388 1193 1453 sola
1246 1388 1449 1471 poetis
1494 1389 1802 1466 Arabicis,
1861 1410 2025 1472 quae
2082 1389 2468 1455 carminibus
2527 1389 2687 1454 cele-

259 1493 586 1572 braretur,
643 1494 836 1577 digna
891 1495 1028 1560 visa
1085 1495 1184 1559 sit.
1298 1494 1439 1560 Non
1498 1495 1752 1578 quidem
1810 1495 2065 1560 maioris
2119 1495 2310 1579 pretii
2372 1501 2521 1560 sunt
2576 1495 2692 1560 illa

260 1602 638 1683 fragmenta,
684 1621 844 1684 quae
881 1602 922 1667 J
925 1603 1078 1683 aqut
1120 1601 1516 1684 potissimum
1561 1601 1692 1678 dat,
1736 1601 1846 1666 sed
1891 1601 2060 1684 quod
2109 1622 2185 1665 ex
2228 1601 2308 1666 iis
2353 1602 2694 1685 praecipue

261 1707 543 1790 primum
574 1729 701 1772 non
736 1707 871 1772 sine
912 1705 1083 1772 fama
1128 1707 1267 1785 fuit,
1286 1709 1341 1792 3)
1384 1707 1489 1772 hic
1532 1714 1671 1773 tota
1701 1708 1891 1772 series
1924 1708 2365 1792 subsequatur.
2454 1706 2695 1773 Narrat

260 1813 463 1895 igitur
507 1821 733 1879 auctor
778 1813 914 1877 ille:

443 1954 836 2020 Praeteribat
895 1955 1214 2037 quondam
1264 1954 1381 2020 has
1427 1920 1698 2038 virgines
1750 1941 1937 2033 'Au8,
2000 1953 2171 2020 filins
2224 1945 2571 2021 Tha‘labae
2590 2005 2607 2035 ,
2661 1977 2695 2020 e

262 2067 454 2144 gente
500 2060 699 2137 Taim,
743 2059 1097 2144 praefectus
1143 2060 1383 2126 castelli
1419 2049 1574 2125 'Aus
1619 2061 1689 2126 in
1733 2061 1892 2126 urbe
1934 2063 2141 2127 Basra
2157 2087 2174 2140 3
2217 2067 2505 2146 aspectas
2549 2062 2695 2127 illas

266 2167 578 2250 imagines
623 2173 755 2232 tam
799 2166 1100 2250 pulchras
1147 2166 1346 2244 duxit,
1390 2173 1463 2232 ut
1503 2167 1625 2232 hoc
1667 2188 1919 2234 carmen
1962 2168 2229 2234 diceret:

366 2307 433 2394 1)
479 2308 531 2373 O
593 2306 819 2375 ambae
884 2306 1122 2373 filiolae
1187 2309 1407 2392 populi
1466 2308 1777 2375 Tadmurl
1846 2310 2173 2375 enuntiate
2232 2310 2427 2375 mihi:
2486 2331 2694 2376 nonne

592 2415 767 2499 piget
808 2436 916 2480 vos
961 2413 1403 2480 diuturnitatis
1449 2418 1700 2481 status?

363 2542 434 2624 2)
481 2536 795 2615 Quoniam
835 2559 962 2603 non
993 2539 1063 2602 in
1094 2539 1552 2623 pulvinaribuS,
1594 2540 1785 2604 immo
1817 2539 1884 2604 in
1917 2546 2131 2605 monte
2160 2539 2497 2606 durissimo
2527 2562 2696 2606 mar·
2727 2622 2738 2631 =

590 2666 801 2711 moreo
846 2645 1203 2711 consistitis.

364 2767 436 2854 3)
484 2767 772 2846 Quantus
802 2769 1000 2852 igitur
1029 2740 1326 2835 numerus
1356 2769 1654 2846 noctium,
1687 2775 1927 2853 quanta
1958 2791 2267 2835 annorum
2298 2772 2489 2837 series
2522 2778 2696 2836 aeta-

591 2881 718 2940 tem
762 2881 1033 2942 vestram
1076 2882 1472 2959 transgressa
1517 2875 1642 2940 est!

364 2997 438 3081 4)
481 2996 766 3063 Profecto
812 3020 921 3064 vos
967 2999 1397 3065 cacuminibus
1452 2998 1731 3064 filiorum
1788 2999 2058 3065 duorum
2103 2996 2420 3066 Shamami
2437 3002 2494 3087 4)
2547 3022 2696 3067 con-

594 3106 866 3171 stantius
910 3106 1122 3171 cursui
1168 3107 1446 3171 noctium
1492 3106 1802 3171 resistitis.
1820 3106 1875 3191 ⁶)

365 3228 437 3312 5)
481 3226 568 3293 Et
611 3229 663 3294 si
695 3249 811 3311 ego
856 3236 1142 3295 mortuus
1188 3250 1312 3306 er0,
1359 3236 1512 3313 quot
1541 3251 1741 3314 equae
1772 3230 2078 3313 signatae,
2122 3231 2407 3313 graciles,
2438 3253 2478 3297 a
2523 3231 2695 3298 iuve-

590 3334 779 3401 nibus
824 3335 1140 3418 generosis
1186 3333 1385 3401 flexae
1429 3376 1515 3382 ——

455 3670 494 3739 ¹)
530 3670 844 3740 Muqaddasi
880 3687 931 3738 p.
972 3670 1093 3725 201.

454 3776 496 3843 2)
531 3775 619 3830 Sic
655 3792 724 3829 ex
760 3793 920 3831 versu
956 3777 989 3830 2
1025 3776 1272 3831 carminis
1309 3774 1527 3828 secundi
1564 3774 1834 3829 concludo.

452 3882 493 3953 ³)
531 3882 605 3937 Cf.
644 3883 1030 3937 el-Beladhuri
1065 3883 1224 3937 Kitab
1261 3881 1510 3936 el-futuh
1544 3899 1593 3950 p.
1635 3882 1754 3937 355.

451 3991 493 4060 4)
529 3990 680 4044 Mons
714 3992 771 4044 in
805 3990 1060 4045 territorio
1096 3989 1267 4060 gentis
1300 3987 1518 4042 Bahilae
1554 3988 1747 4057 biceps.

450 4098 494 4165 ⁵)
532 4096 635 4162 Qui
669 4114 858 4151 versus
893 4098 1203 4166 sequuntur,
1253 4094 1349 4149 soli
1368 4110 1467 4177 lap.
1506 4094 1539 4146 J
1541 4093 1622 4162 aq.
1661 4093 1937 4162 leguntur3
1985 4095 2109 4148 ordo
2146 4110 2324 4148 eorum
2362 4096 2614 4166 impedita
2647 4100 2701 4150 et

275 4184 521 4254 difficilis,
570 4185 859 4240 similitudo
896 4184 1267 4240 nonnullarum
1304 4182 1657 4236 elocutionum
1695 4199 1818 4235 cum
1855 4182 2010 4236 claris
2044 4183 2211 4250 poetis
2246 4182 2451 4251 (Thrafa
2485 4203 2536 4238 v.
2579 4185 2696 4253 101,

274 4273 441 4328 Labid
479 4274 562 4342 23,
600 4271 798 4328 Zuhair
835 4274 916 4342 13,
953 4266 1137 4326 Mu‘all
1171 4273 1251 4325 ed.
1290 4269 1524 4339 Arnold.)
1559 4271 1815 4338 notanda3
1866 4287 1991 4323 cum
2040 4271 2355 4340 imaginibus
2403 4273 2593 4326 nostris
2643 4273 2700 4325 hi

276 4378 463 4417 versus
498 4378 712 4430 prorsus
748 4379 850 4416 non
888 4361 1180 4416 cohaerent.

2341 4452 2379 4513 3
