3250 4684
1404 235 1562 318 ‘43

312 463 515 530 fectus
562 466 662 541 sit,
710 488 848 531 cum
892 466 1167 532 Tadmur
1227 466 1514 531 visitaret
1576 486 1836 549 eamque
1895 465 2295 548 relinqueret,
2335 471 2594 550 propter
2638 488 2737 531 re-

312 571 617 636 lationem
659 594 944 638 maneam
987 594 1187 657 paene
1231 574 1300 636 in
1354 572 1631 638 tenebris
1694 577 2032 638 versamur.
2123 571 2178 635 A
2237 561 2510 637 Ba‘lbak
2572 572 2738 636 enim

315 678 473 742 urbe
492 728 508 754 ‚
567 679 743 743 cuius
799 679 1109 763 reliquiae
1153 679 1499 744 maximum
1545 679 1680 744 eius
1739 685 2059 761 stuporem
2118 677 2423 755 excitant,
2484 683 2740 763 repente

315 783 399 849 ad
446 784 928 869 descriptionem
976 785 1253 851 Tadmur
1299 784 1645 851 transsilit:
1712 786 1889 862 Item,
1934 783 2160 867 inquit,
2205 785 2452 868 magnis
2498 806 2532 849 e
2576 784 2740 868 lapi-

316 891 502 956 dibus
571 898 891 957 exstructa
957 898 1053 958 est
1117 892 1413 957 Tadmur.
1524 893 1786 958 Praeter
1851 891 2367 976 consuetudinem
2433 891 2739 955 stationes

317 997 729 1080 interpositas
809 996 1032 1063 afferre
1101 999 1336 1064 omittit
1411 1005 1476 1064 et
1568 997 1761 1081 paulo
1826 1003 1969 1080 post
2043 996 2163 1067 hoc
2226 1003 2473 1062 tantum
2540 996 2738 1074 addit,

315 1110 516 1168 totam
604 1104 770 1169 viam
856 1125 989 1169 esse
1063 1111 1361 1188 quattuor
1434 1104 1697 1169 dierum.
1801 1102 2173 1179 Antilibano
2248 1109 2458 1168 autem
2530 1110 2738 1168 trans-

315 1210 477 1274 iecto
545 1231 687 1274 eum
746 1211 830 1275 ad
880 1210 1044 1288 Qara
1065 1209 1117 1295 ¹)
1185 1211 1248 1276 in
1321 1210 1637 1277 desertum
1695 1230 1761 1275 se
1827 1208 2231 1287 convertisse,
2295 1209 2740 1294 el-Qarjatain

208 1389 212 1395 ,
315 1317 605 1399 attigisse
645 1317 984 1382 verisimile
1026 1324 1138 1395 est,
1183 1317 1361 1382 cuius
1404 1317 1802 1393 mentionem,
1845 1322 1917 1381 ut
1960 1315 2039 1380 de
2068 1305 2340 1381 Ba‘lbak
2371 1323 2434 1382 et
2462 1314 2740 1381 Tadmur

316 1444 441 1488 uno
485 1423 668 1506 quasi
714 1423 943 1506 spiritu
987 1432 1220 1506 ageret,
1266 1424 1335 1487 in
1365 1423 1638 1488 reditum
1685 1443 1866 1487 suum
1910 1429 2206 1519 reservat.
2318 1422 2561 1488 Revera
2590 1429 2741 1488 tunc

318 1528 762 1614 el-Qarjatain
807 1536 1114 1596 memorat
1159 1526 1422 1614 eamque
1478 1528 1809 1594 dimidium
1872 1527 2038 1594 diem
2078 1549 2118 1592 a
2164 1512 2442 1593 Tadmur
2500 1528 2741 1592 distan-

316 1641 444 1700 tem
490 1636 728 1713 scribit,
774 1636 944 1720 quod
990 1638 1143 1702 satis
1189 1623 1417 1701 falsum
1463 1645 1574 1712 est,
1622 1657 1765 1701 cum
1798 1635 2203 1700 intervallum
2234 1638 2274 1699 2
2309 1635 2551 1699 dierum
2576 1635 2741 1699 inter

318 1763 424 1806 eas
469 1742 737 1807 intersit.
831 1742 988 1807 Inde
1032 1741 1247 1807 Hama
1291 1763 1507 1807 versus
1552 1742 1676 1807 iter
1721 1742 1909 1806 unius
1956 1740 2081 1805 diei
2129 1761 2194 1805 se
2239 1740 2457 1806 fecisse
2515 1739 2743 1806 confir-

318 1855 469 1924 mat,
517 1848 585 1912 in
632 1869 757 1932 quo
801 1849 1003 1931 magis
1048 1849 1237 1914 etiam
1285 1854 1473 1926 errat,
1520 1869 1712 1932 quam
1757 1869 1968 1931 supra,
2014 1848 2169 1931 quia
2224 1852 2391 1912 certe
2434 1853 2562 1913 tres
2607 1846 2741 1912 dies

317 1955 384 2041 in
416 1954 536 2019 hac
566 1955 671 2020 via
714 1959 1182 2019 consumuntur.
1274 1955 1538 2020 Prorsus
1582 1954 1753 2019 hunc
1795 1955 2002 2018 locum
2047 1953 2441 2037 deperditum
2471 1960 2534 2019 et
2563 1953 2739 2018 lacu-

320 2083 542 2126 nosum
597 2082 833 2138 censeo,
896 2061 1269 2144 praesertim
1330 2084 1470 2126 cum
1489 2111 1505 2139 ,
1568 2082 1697 2145 qua
1754 2060 2083 2145 Benjamin
2144 2060 2266 2125 fuit
2327 2059 2739 2142 cognoscendi

318 2167 652 2245 industria,
694 2167 966 2249 intelligi
1014 2189 1140 2231 non
1184 2168 1403 2252 possit,
1449 2189 1647 2251 quare
1690 2168 1879 2233 urbes
1919 2165 2212 2231 florentes
2242 2165 2437 2231 Hims
2468 2172 2532 2232 et
2562 2167 2740 2233 Sala-

322 2274 563 2359 mijjam
589 2275 641 2361 2)
688 2296 811 2339 non
870 2274 1236 2340 visitaverit.
1325 2273 1571 2340 Harum
1616 2275 1814 2357 igitur
1872 2272 2355 2356 descriptionem
2398 2273 2465 2337 in
2510 2275 2741 2338 lacuna

325 2380 643 2465 suspicor3
695 2402 822 2464 qua
864 2379 1046 2445 finita
1090 2386 1260 2446 recte
1303 2380 1459 2446 haec
1501 2381 1696 2446 verba
1740 2379 2021 2446 addidit:
2067 2383 2131 2443 et
2174 2378 2320 2444 inde
2351 2379 2562 2445 Hama
2605 2401 2741 2444 ver-

322 2509 428 2552 sus
471 2488 660 2553 unius
706 2487 831 2552 diei
876 2488 998 2552 iter
1040 2494 1153 2553 est.
1258 2539 1263 2548 .

498 2594 757 2658 Praeter
801 2592 1020 2658 ambas
1086 2593 1219 2659 vias
1266 2601 1329 2660 et
1372 2593 1789 2661 er-Rahabae
1834 2599 1897 2659 et
1939 2593 2154 2669 Hims,
2211 2593 2487 2658 Tadmur
2547 2591 2741 2657 attin-

322 2707 557 2785 genteS,
601 2700 873 2765 minores
919 2699 1113 2765 etiam
1156 2721 1303 2765 raro
1346 2700 1518 2786 apud
1549 2700 1887 2784 scriptores
1919 2700 2346 2764 inveniuntur.
2418 2699 2539 2765 Ibn
2566 2686 2740 2784 'Ajas

323 2807 390 2870 in
432 2807 719 2871 Historia
764 2806 1036 2891 Aegypti
1057 2808 1108 2892 2)
1149 2807 1316 2872 viam
1360 2806 1639 2892 Halwija
1682 2828 1879 2891 prope
1908 2806 2186 2872 Tadmur
2230 2812 2554 2882 memorat,
2600 2805 2741 2889 qui-

324 2914 445 2979 bus
491 2934 568 2976 ex
615 2913 839 2990 verbis,
885 2933 1024 2978 oum
1072 2914 1258 2978 nimis
1302 2912 1517 2979 brevia
1560 2914 1707 2991 sint,
1753 2913 1914 2977 nihil
1959 2912 2187 2978 coniici
2235 2919 2458 2996 potest.

498 3019 694 3083 Porro
741 3040 898 3097 cum,
944 3024 1018 3084 ut
1062 3020 1246 3085 initio
1290 3019 1515 3103 capitis
1560 3020 1658 3085 III
1701 3019 2114 3095 narravimus,
2177 3018 2348 3103 apud
2392 3019 2740 3101 complures

322 3132 611 3191 auctores
655 3127 1100 3191 nonnullarum
1145 3125 1399 3190 urbium
1443 3125 1785 3192 distantiae
1813 3125 2087 3192 traditae
2119 3125 2249 3190 sint
2289 3146 2383 3189 ex.
2419 3146 2533 3207 gr„
2556 3145 2741 3207 prae-

323 3239 419 3297 ter
473 3233 850 3298 Damascum
868 3281 885 3310 ,
944 3233 1267 3298 Rahabam
1326 3238 1389 3297 et
1445 3231 1526 3295 H
1526 3233 1666 3310 imS,
1723 3234 1914 3300 etiam
1975 3231 2335 3316 Salamijjae
2380 3236 2443 3295 et
2500 3230 2740 3308 Halab,

322 3339 443 3405 hac
483 3361 553 3404 re
610 3338 867 3404 adducti
926 3339 1426 3403 coniunctionem
1485 3338 1820 3421 quandam,
1877 3339 2005 3404 sive
2050 3337 2216 3403 viam
2260 3343 2629 3421 perpetuam
2675 3342 2738 3402 et

321 3451 766 3530 praeparatam
810 3445 954 3521 sive,
1002 3445 1057 3510 si
1087 3444 1330 3511 occasio
1377 3452 1556 3522 esset,
1603 3445 2059 3528 quodammodo
2105 3443 2385 3509 habilem
2431 3444 2739 3509 coniicere

325 3551 592 3618 fortasse
635 3572 987 3635 possumuS,
1033 3552 1318 3635 quamvis
1362 3556 1621 3636 propter
1660 3552 2021 3617 nuntiorum
2055 3551 2337 3635 inopiam
2366 3550 2521 3615 haec
2551 3550 2739 3615 vesti-

322 3658 428 3742 gia
470 3658 760 3743 persequi
806 3678 931 3722 non
976 3658 1337 3723 audeamus.

324 3850 417 3902 Ed.
457 3849 714 3904 Sachau
749 3852 803 3904 in
838 3852 1022 3904 itinere
1047 3850 1246 3919 Syriae,
1284 3851 1376 3905 ubi
1412 3851 1548 3904 situs
1584 3853 1739 3919 esset,
1778 3852 1842 3905 ab
1879 3851 2136 3921 indigenis
2169 3851 2297 3919 ipsis
2322 3852 2598 3919 exquirere
2635 3868 2742 3905 non

322 3940 538 4007 poterat.
624 3939 927 3993 Secundum
976 3940 1203 3993 eundem
1250 3942 1356 3993 tres
1392 3940 1492 3993 hae
1538 3940 1811 3994 stationes:
1862 3939 2064 4009 el-Fir,
2116 3939 2449 4008 el-FerqluS‚
2486 3934 2626 3993 'Abu
2646 3969 2667 3979 -
2682 3939 2703 3993 l
2717 3970 2739 3979 -

323 4027 552 4082 Fawaris
587 4027 723 4080 inter
759 4025 918 4081 Hims
955 4033 1008 4081 et
1042 4028 1269 4081 Tadmur
1302 4029 1455 4082 notae
1489 4045 1632 4081 nunc
1669 4030 1806 4082 sunt.

502 4116 541 4185 1)
578 4116 778 4170 Eadem
812 4117 902 4171 via
938 4117 1110 4170 Wood
1141 4132 1173 4170 a
1207 4117 1435 4170 Tadmur
1467 4110 1687 4171 Ba‘lbak
1714 4134 1902 4171 versus
1939 4118 2203 4185 profectus
2239 4117 2337 4185 est,
2386 4116 2451 4170 de
2488 4133 2590 4186 quo
2631 4117 2737 4169 vid.

323 4205 693 4274 praefationem
728 4205 880 4260 libri:
917 4204 1025 4259 The
1060 4205 1207 4258 ruins
1244 4205 1300 4258 of
1329 4197 1561 4258 Ba‘lbak.

501 4295 542 4365 2)
580 4292 932 4362 Quatremere‚
970 4292 1272 4362 Appendice
1310 4293 1427 4347 255.
