3250 4684
1284 255 1412 334 49·

115 463 387 546 posthac
456 485 568 528 rex
639 463 845 529 factus
905 461 1113 529 Hirae
1193 463 1403 529 sedem
1464 462 1707 545 regiam
1764 468 2133 545 perpetuam
2202 459 2552 534 constituit,

115 569 388 635 mandat
432 575 494 633 et
525 568 857 653 splendido
903 568 1209 634 comitatu
1257 569 1475 633 itineri
1521 589 1587 633 se
1632 561 1984 633 committit.
2077 567 2367 631 Traiecto
2423 564 2556 628 Eu-

115 676 349 758 phrate
394 676 534 741 iam*
567 675 811 758 equites
857 675 1235 741 ez-Zabbae
1303 674 1706 758 apparebant
1728 723 1744 752 ‚
1814 675 1926 757 qui
1970 673 2139 739 dona
2206 694 2272 736 se
2325 672 2555 755 imper-

115 782 234 846 tire
282 782 658 847 simulantes
702 789 960 864 repente
1004 781 1071 847 in
1115 803 1373 846 manum
1418 781 1586 864 regis
1639 781 1943 865 impetum
1999 779 2281 845 fecerunt
2326 785 2389 842 et
2431 775 2556 842 levi

115 908 313 970 opera
359 888 693 953 comitibus
737 888 940 970 pulsis
985 908 1195 969 regem
1240 888 1559 970 captivum
1591 886 1676 952 ad
1707 887 1928 953 urbem
1975 885 2235 968 reginae
2282 883 2557 950 deduxe-

115 1000 284 1057 runt.
383 994 568 1059 Solus
602 992 790 1071 Qasir
834 994 961 1071 ille,
1007 993 1116 1076 qui
1163 993 1485 1059 celeritate
1532 992 1676 1076 equi
1717 981 1985 1058 el-‘Asa
2027 991 2224 1056 vitam
2256 995 2558 1066 servarat,

115 1099 418 1163 nuntium
462 1098 780 1164 funestum
826 1097 1166 1182 dolumque
1195 1099 1451 1181 reginae
1493 1098 1579 1163 ad
1620 1088 1818 1175 ‘Amr,
1863 1096 2068 1162 filium
2111 1086 2280 1173 ‘Adi,
2324 1095 2559 1161 referre

115 1205 349 1286 potuit.
768 1219 773 1223 ·

297 1310 552 1376 Interea
599 1331 711 1374 rex
741 1311 804 1375 in
854 1315 1192 1395 conspectu
1237 1310 1631 1387 ez-Zabbae,
1672 1332 1837 1394 quae
1879 1310 2137 1374 inimico
2183 1329 2373 1375 venas
2416 1328 2561 1390 per-

117 1415 327 1481 forari
372 1415 577 1493 iussit,
622 1417 902 1482 animam
947 1417 1135 1481 simul
1181 1439 1324 1481 cum
1369 1417 1677 1499 sanguine
1722 1417 1891 1482 lente
1934 1413 2174 1483 effudit.

305 1521 431 1587 Sed
475 1522 604 1586 iam
649 1521 840 1600 Qasir
884 1544 1023 1587 cum
1068 1511 1265 1600 cAmr,
1313 1522 1425 1605 qui
1469 1523 1686 1587 statim
1730 1543 1843 1586 rex
1886 1528 2136 1586 creatus
2181 1528 2293 1597 est,
2356 1521 2562 1585 consi-

120 1629 274 1692 lium
326 1628 671 1693 ulciscendi
703 1628 1084 1713 Djadhimae
1128 1629 1310 1711 cepit.
1405 1628 1549 1711 Ipse
1593 1628 1859 1693 naribus
1900 1648 1967 1691 se
1997 1627 2269 1704 mutilat,
2313 1632 2559 1708 tergum

121 1733 322 1815 virgis
367 1733 578 1798 caedit
600 1732 653 1818 1)
698 1741 760 1798 et
807 1733 988 1816 quasi
1035 1734 1212 1798 exsul
1258 1734 1340 1799 ad
1385 1754 1454 1798 ez
1471 1734 1798 1800 -Zabbam
1842 1754 1910 1798 se
1949 1732 2209 1810 confert,
2254 1732 2563 1797 simulans

123 1846 388 1921 propter
426 1837 761 1921 perfidiam
804 1840 887 1905 ab
929 1828 1109 1903 cAmr
1139 1862 1206 1905 se
1247 1860 1442 1923 regno
1488 1860 1621 1904 esse
1654 1840 1998 1925 expulsum.
2092 1838 2355 1921 Regina,
2403 1858 2580 1920 quae.

124 1952 318 2009 antea
361 1966 691 2026 magorum
751 1945 1016 2010 consilio
1063 1952 1349 2029 cryptam
1394 1967 1434 2010 a
1477 1945 1720 2028 palatio
1765 1946 1833 2009 in
1874 1944 2121 2010 firmam
2179 1965 2388 2009 arcem
2447 1943 2564 2007 du-

127 2056 373 2116 centem
418 2050 686 2127 foderat,
732 2058 803 2116 ut
846 2050 1183 2134 praesidiO,
1230 2052 1285 2115 si
1329 2051 1683 2134 periculum
1713 2039 1909 2128 esset,
1965 2057 2268 2127 uteretur,
2314 2049 2563 2115 callidis
2635 2077 2638 2082 ·

126 2157 253 2221 eius
309 2156 518 2222 verbis
563 2156 809 2222 fallitur
854 2164 916 2222 et
959 2157 1291 2240 paulatim,
1336 2164 1676 2240 postquam
1722 2156 1911 2234 Qasir
1955 2156 2055 2221 bis
2098 2156 2363 2221 modicis
2401 2176 2563 2220 mer-

116 2263 308 2337 cibus
369 2269 725 2328 exstructus
781 2263 1026 2346 amplos
1085 2263 1415 2328 thesauros
1461 2284 1539 2327 ex
1593 2263 1824 2329 itinere
1881 2263 2119 2340 retulit,
2180 2284 2338 2346 quos
2398 2261 2562 2326 olam

128 2364 341 2434 Hirae
385 2369 743 2451 collegerat,
790 2391 930 2434 eum
974 2368 1043 2432 in
1088 2368 1587 2434 familiaritatem
1629 2368 1877 2452 accipit.
1968 2367 2129 2432 Tum
2174 2366 2365 2445 Qasir
2410 2374 2567 2432 tem-

128 2497 241 2558 pus
293 2475 642 2539 ulciscendi
688 2475 930 2540 venisse
974 2480 1152 2540 ratus
1197 2474 1334 2539 loco
1379 2476 1682 2539 mercium
1727 2474 2013 2539 homines
2059 2480 2356 2551 armatos,
2402 2474 2569 2539 inter

129 2603 286 2664 quos
331 2569 514 2644 ‘Amr
560 2601 813 2664 quoque
858 2587 1012 2657 erat,
1074 2581 1145 2645 in
1189 2581 1388 2645 saccis
1432 2581 1681 2663 magnis
1726 2580 1983 2646 abditos
2024 2579 2408 2663 camelisque
2451 2580 2571 2643 im-

129 2687 376 2771 positos
424 2686 493 2750 in
538 2688 794 2769 reginae
840 2685 1063 2752 urbem
1107 2685 1494 2751 intromittit.
1516 2687 1568 2773 2)
1660 2687 2194 2771 Emolumentum·
2216 2686 2465 2751 itineris
2496 2692 2570 2749 ut

129 2796 381 2868 viseret,
422 2791 534 2855 ubi
556 2792 898 2858 ez-Zabba
942 2813 976 2856 e
1019 2792 1261 2875 palatio
1307 2792 1462 2856 exiit
1494 2798 1556 2856 et
1605 2793 1877 2856 camelos
1920 2793 2066 2875 plus
2116 2793 2304 2857 solito
2348 2813 2572 2857 onera-

126 2907 217 2965 tos
263 2898 538 2981 aspexit,
585 2919 777 2981 quam
808 2919 1063 2980 gravem
1110 2898 1441 2963 materiam
1472 2897 1570 2962 illi
1600 2896 1985 2974 baiularent,
2030 2897 2347 2964 admirata
2376 2899 2574 2963 inter-

127 3005 401 3088 rogavit,
459 3024 602 3068 cum
666 3011 925 3086 repent-e
966 2993 1147 3067 ‘Amr
1202 3025 1343 3068 cum
1404 3005 1534 3068 suis
1591 3025 1625 3068 e
1679 3004 1876 3069 saccis
1931 3005 2223 3088 erumpit.
2327 3004 2574 3086 Regina

126 3109 477 3193 perterrita
520 3110 760 3175 frustra
789 3110 856 3173 in
890 3117 1176 3194 cryptam
1219 3108 1436 3192 fugere
1480 3116 1711 3175 conata
1753 3110 1836 3175 ab
1866 3098 2048 3173 ‘Amr
2089 3110 2228 3193 ipso
2271 3110 2573 3186 reiicit-ur,

127 3226 183 3283 et
229 3236 320 3281 ne
377 3216 459 3281 ab
517 3216 700 3280 hoste
756 3214 1235 3292 interficeretur,
1292 3198 1600 3281 venenum
1646 3237 1723 3280 ex
1766 3216 1958 3281 anulo
2018 3236 2247 3298 sugens
2308 3222 2573 3282 mortem

128 3322 252 3388 sibi
306 3321 652 3386 consciscit.
748 3320 885 3398 Quo
931 3321 1096 3386 facto
1138 3310 1317 3401 c'Amr
1362 3322 1562 3387 victor
1604 3322 1674 3386 in
1719 3321 1779 3386 el
1795 3310 2013 3386 -‘Irak
2054 3321 2241 3387 redit.

314 3427 555 3492 Locum
600 3427 777 3491 illius
820 3426 1120 3493 facinoris
1151 3427 1431 3492 Tadmur
1461 3428 1684 3494 urbem
1715 3427 1905 3492 fuisse
1936 3449 2013 3492 ex
2046 3427 2172 3492 situ
2203 3433 2266 3492 et
2294 3434 2577 3510 tempore

128 3533 366 3599 coniioi
398 3532 545 3622 licet
559 3558 577 3610 3
625 3554 996 3615 persuasum
1027 3532 1231 3598 habeo
1262 3533 1485 3616 primis
1525 3533 1943 3616 scriptoribus
1976 3533 2142 3600 hanc
2173 3533 2395 3599 urbem
2426 3539 2576 3598 ante

127 3641 350 3705 oculos
396 3638 795 3703 observatam
839 3659 990 3703 esse.
1012 3641 1070 3724 3)
1158 3639 1404 3703 Deinde
1448 3644 1662 3704 autem
1711 3639 1827 3705 illa
1871 3639 2017 3706 aliis
2060 3640 2349 3717 urbibus,
2392 3660 2577 3723 prae-

313 3860 356 3939 ἦ)
398 3858 474 3912 Cf.
512 3858 698 3912 simih’s
738 3858 930 3926 Zopyri
966 3859 1155 3928 agendi
1190 3859 1338 3927 ratde,
1377 3875 1470 3926 per
1506 3875 1666 3927 quem
1703 3859 1876 3928 Cyrus
1912 3858 2241 3928 Babylonem
2283 3850 2573 3928 occupasse

129 3949 180 4000 di
217 3950 228 3959 '
336 3989 347 4000 .

181 3951 361 4104 Cltuz)
400 4034 476 4088 Cf.
514 4035 701 4089 similis
736 4035 793 4086 in
829 4033 1129 4087 Shahname
1167 4035 1393 4089 narratio
1442 4035 1507 4087 de
1541 4035 1713 4103 prima
1747 4034 1990 4089 Rustemi
2026 4036 2358 4103 expeditione
2395 4039 2575 4090 contra

123 4124 341 4194 Sipend·
371 4139 547 4177 arcem
582 4124 727 4177 inita.
2219 4164 2224 4169 .

314 4212 359 4280 3)
397 4210 675 4266 El-Bakri
713 4211 778 4264 de
814 4211 996 4279 regina
1031 4227 1091 4263 ez
1109 4210 1318 4264 -Zabbfi
1356 4211 1515 4264 dicit:
1555 4213 1771 4266 Aestate
1805 4211 1860 4263 in
1896 4211 2127 4266 Tadmur
2161 4213 2321 4279 urbe,
2357 4228 2483 4267 vere
2517 4213 2571 4264 in

118 4320 185 4355 en
206 4333 231 4342 -
247 4300 466 4355 Nikhar
503 4299 670 4370 (locus
705 4299 858 4368 plane
897 4299 1026 4366 mihj
1061 4301 1292 4369 ignotus)
1331 4300 1766 4355 commorabatur.

2211 4397 2254 4456 4
