3250 4684
1507 233 1588 294 31

325 440 689 525 complexos
735 462 870 506 esse
915 438 1216 505 credibile
1264 439 1363 503 sit.
1458 439 1558 503 Ex
1588 440 1813 523 primis
1846 428 2268 504 Ma‘nidarum
2300 440 2689 522 temporibus
2713 439 2764 523 ¹)

323 547 395 612 id
443 554 538 613 est
580 568 621 610 a
667 554 844 611 sexto
890 547 1139 612 saeculo
1202 546 1405 627 fugae,
1465 554 1804 629 postquam
1866 569 1944 611 ex
1989 546 2158 629 agris
2203 545 2422 610 Halab
2467 547 2535 609 in
2580 535 2759 629 Biqa‘

324 653 790 720 descenderunt
834 659 897 719 et
940 675 979 717 a
1024 651 1358 735 Tugtekin,
1390 653 1688 717 Damasci
1730 652 2017 737 principe
2060 652 2352 717 commoti
2397 653 2463 716 in
2511 654 2765 736 regione

324 759 663 825 esh-Shfif
717 758 1153 835 consederunt,
1213 759 1490 842 quietem
1549 760 1753 840 magis
1815 781 2005 842 quam
2059 759 2556 843 expugnationes
2602 759 2764 843 peti-

324 872 570 930 verunt.
677 865 807 930 Nec
864 864 1129 948 posthac
1190 871 1439 948 tempus
1492 864 1801 948 augendis
1866 864 2215 930 minoribus
2262 865 2572 950 dynastiis
2618 887 2765 948 pro-

324 994 581 1056 sperum
642 979 798 1048 erat,
859 993 999 1036 cum
1055 994 1094 1035 a
1140 970 1506 1054 potentibus
1552 971 1852 1035 Damasci
1906 971 2176 1036 dominis
2223 978 2659 1038 coercerentur
2704 978 2767 1035 et

325 1077 797 1143 incursionibus
861 1078 1304 1160 Mongolorum
1375 1086 1437 1143 et
1481 1076 1702 1142 Timur
1771 1078 1945 1142 illius
2003 1078 2229 1142 misere
2287 1076 2762 1143 conficerentur.

325 1183 590 1249 Turcico
635 1191 847 1250 autem
907 1191 1207 1267 tempore,
1270 1184 1381 1249 ubi
1430 1182 1621 1249 Selim
1669 1183 1916 1268 Syriam
1959 1184 2307 1267 occupavit,
2365 1173 2538 1249 Ma‘n
2585 1184 2766 1267 Oglu‚

326 1291 458 1355 dux
504 1291 857 1355 Drusorum
912 1290 1271 1367 rubrorum,
1334 1289 1522 1354 huius
1578 1290 1795 1354 favore
1851 1311 2002 1355 usus
2058 1290 2359 1355 exercitui
2414 1288 2765 1373 praefectus

327 1405 425 1462 est
484 1404 549 1462 et
609 1396 837 1461 deinde
895 1396 1314 1461 dominationi
1382 1417 1535 1461 suae
1603 1396 1932 1461 territoria
2000 1395 2082 1460 ad
2152 1417 2325 1461 mare
2392 1397 2548 1474 sita,
2614 1395 2766 1460 litus

328 1524 552 1586 nempe
609 1502 692 1567 ab
747 1490 959 1567 'Akka
1015 1503 1259 1566 Balrsm
1319 1508 1519 1577 tenus,
1574 1523 1873 1584 magnam
1935 1510 2181 1584 partem
2241 1502 2491 1578 Libani,
2545 1501 2766 1567 urbem

328 1631 578 1692 quoque
610 1597 883 1674 Ba‘lbak
925 1608 1176 1674 adiecit.
1272 1610 1454 1673 Anno
1508 1611 1697 1684 1583,
1742 1630 1883 1673 cum
1928 1607 2461 1673 Fakhr-ed-Din
2486 1608 2549 1673 ΙΙ
2594 1608 2764 1692 patri

337 1714 652 1797 Qurqmas
713 1714 1027 1792 successit,
1089 1703 1408 1779 Ma‘nidae
1466 1712 1795 1796 fastigium
1855 1715 2187 1797 potestatis
2233 1716 2550 1781 consecuti
2597 1722 2761 1779 sunt.

328 1820 880 1886 Fakhr-ed-Din
925 1828 1133 1885 mente
1178 1820 1244 1885 id
1290 1821 1583 1903 agitasse,
1629 1828 1702 1885 ut
1732 1820 1980 1904 Syriam
2016 1820 2570 1905 Palaestinamque
2614 1842 2767 1886 suae

329 1926 558 1991 ditioni
601 1927 1016 2004 submitteret,
1063 1928 1217 1991 satis
1263 1932 1528 1991 constat.
1623 1926 1760 1991 Iam
1805 1927 2174 2010 priusquam
2218 1927 2283 1990 in
2318 1926 2572 1992 Italiam
2618 1948 2766 1991 con-

327 2033 506 2115 fugit,
536 2020 737 2098 totam
762 2031 1183 2117 Coelesyriam
1217 2032 1610 2115 possidebat3
1643 2040 1788 2116 post
1815 2032 2090 2098 reditum
2123 2054 2305 2097 suum
2338 2034 2535 2119 (anno
2566 2034 2766 2119 1615)

329 2139 633 2204 acerrime
689 2140 836 2222 egit,
896 2145 969 2204 ut
1026 2145 1089 2204 et
1146 2139 1523 2204 Damascum
1583 2145 1648 2204 et
1708 2138 2058 2205 Jerusalem
2121 2145 2472 2221 occuparet.
2578 2139 2765 2204 Anno

335 2248 502 2309 1623
552 2245 729 2309 illam
793 2244 1046 2327 quidem
1092 2246 1310 2310 urbem
1377 2245 1566 2308 simul
1612 2266 1755 2309 cum
1800 2245 2088 2328 proximo
2133 2244 2405 2310 confinio
2450 2246 2766 2328 praefecto

331 2351 594 2416 Turcico
654 2351 920 2435 eripuit,
993 2351 1073 2416 ab
1149 2372 1317 2415 anno
1384 2353 1551 2415 1625
1612 2372 1817 2434 usque
1881 2354 2044 2416 1631
2104 2352 2173 2415 in
2228 2350 2594 2435 occupanda
2653 2373 2767 2416 ora

329 2458 653 2522 maritima
697 2457 968 2522 multum
1010 2457 1385 2540 profecerat,
1432 2479 1574 2521 cum
1621 2457 1854 2522 Murad
1886 2456 1996 2522 IV.
2029 2456 2179 2522 huic
2222 2457 2474 2542 incepto
2510 2458 2767 2541 gravius

329 2585 397 2628 se
441 2564 755 2647 opposuit.
783 2563 837 2648 2)

507 2688 562 2750 A
608 2709 734 2770 quo
792 2694 1073 2770 tempore
1119 2687 1318 2771 igitur
1362 2686 1896 2752 Fakhr-ed-Din
1949 2676 2245 2770 el-Biqa‘
2293 2688 2521 2752 vallem
2563 2687 2768 2771 possi-

331 2793 541 2870 debat,
602 2793 779 2858 nullo
839 2793 1075 2877 oppido
1120 2794 1363 2858 munito
1408 2793 1751 2876 impeditus
1797 2800 1908 2870 est,
1965 2794 2300 2876 quominus
2345 2794 2663 2859 desertum
2708 2800 2772 2859 et

332 2899 611 2964 Tadmur
680 2900 1037 2983 attingeret.
1158 2900 1410 2965 Certam
1470 2904 1683 2964 autem
1750 2900 2267 2965 memorationem
2342 2922 2484 2965 cum
2559 2899 2770 2965 adhuc

332 3026 459 3070 non
510 3005 1050 3087 investigaverim‚
1119 3005 1197 3070 de
1239 3027 1408 3070 anno
1476 3006 1643 3070 arcis
1688 3004 2059 3071 aedificatae
2132 3007 2441 3072 coniicere
2509 3007 2765 3082 omitto;

332 3133 530 3175 unum
573 3110 826 3190 addam,
874 3132 1018 3176 cum
1063 3118 1126 3175 et
1170 3110 1500 3176 castellum
1529 3110 1661 3176 fere
1706 3111 2087 3177 incolumem
2130 3134 2285 3196 prae
2317 3134 2382 3178 se
2415 3113 2580 3178 ferat
2624 3134 2768 3197 spe-

330 3217 505 3294 ciem,
552 3224 616 3281 et
658 3216 830 3300 apud
874 3216 1115 3281 incolas
1158 3216 1588 3282 Tadmurenos
1635 3217 1939 3283 memoria
1983 3239 2194 3284 rerum
2240 3221 2596 3284 Drusarum
2639 3220 2766 3284 iam

330 3344 499 3388 anno
551 3326 716 3388 1751
768 3323 1014 3407 aliquid
1061 3322 1323 3389 turbata
1368 3330 1550 3401 esset,
1597 3345 1725 3388 non
1771 3323 1882 3387 diu
1928 3324 2314 3407 praesidium
2347 3325 2413 3389 in
2448 3346 2591 3391 arce
2639 3327 2766 3391 col-

330 3428 610 3494 locatum
657 3451 792 3494 esse
836 3429 1054 3494 videri.

502 3536 854 3608 Redeamus
886 3536 1015 3601 iam
1046 3536 1129 3601 ad
1160 3557 1252 3611 ea,
1287 3558 1452 3620 quae
1484 3536 1826 3619 scriptores
1855 3537 2117 3603 Arabici
2148 3536 2226 3601 de
2255 3536 2414 3601 urbe
2445 3537 2762 3604 dixerunt.

328 3642 587 3707 Statuas
633 3643 870 3709 maiore
924 3648 1062 3707 arte
1122 3643 1429 3725 perfectas
1485 3643 1653 3708 inter
1713 3643 2021 3727 reliquias
2077 3644 2366 3709 inventas
2426 3665 2554 3709 non
2611 3666 2767 3721 esse,

328 3769 545 3814 omnes
589 3750 814 3827 sciunt,
860 3749 1040 3814 cuius
1086 3749 1342 3833 inopiae
1386 3749 1570 3832 quasi
1614 3749 2042 3833 compensatio
2089 3749 2335 3834 lapides
2383 3751 2767 3834 sepulcrales

510 4015 548 4082 ¹)
587 4014 666 4067 De
721 4015 1062 4083 sequentibus
1109 4014 1234 4069 vide
1270 4014 1561 4084 Tornberg:
1626 4015 1804 4068 Ueber
1841 4015 1924 4067 dio
1963 4015 1995 4068 2
2032 4032 2138 4069 von
2192 4015 2764 4070 Wildenbruch'schen

328 4102 467 4156 arab.
505 4102 863 4171 Manuscripte
923 4103 1016 4155 der
1070 4103 1257 4157 Gesch.
1315 4104 1408 4157 des
1462 4103 1715 4157 Libanon.
1809 4103 2017 4156 ZDMG.
2058 4103 2125 4156 V.
2163 4104 2443 4158 483--505
2483 4105 2536 4157 et
2571 4104 2767 4173 Djihan

327 4190 522 4244 Numa.
562 4191 632 4244 H.
671 4192 775 4246 316
800 4192 836 4243 f.

470 4280 511 4349 2)
549 4281 614 4333 cf.
654 4279 956 4334 Zinkeisen:
996 4278 1311 4334 Geschichte
1348 4280 1441 4333 des
1477 4279 1846 4335 osmanischen
1882 4277 2111 4332 Reiches
2147 4281 2213 4334 A.
2249 4278 2345 4334 IV.
