3250 4684
1484 270 1562 330 17

297 474 735 541 Tadmurenus
802 475 993 540 fidem
1060 482 1384 553 voverunt,
1452 483 1526 541 ut
1592 499 1741 542 mox
1806 478 2088 543 Marwan
2154 499 2387 560 magno
2457 479 2737 586 exercitu

296 587 625 646 contracto
672 588 893 647 contra
938 582 1372 648 adversarium
1416 582 1653 647 bellum
1698 583 1862 648 inire
1905 590 2134 667 posset.

475 705 744 788 Magnos
805 706 1066 788 spiritus
1124 706 1510 771 Tadmureni
1570 707 1791 772 diebus
1849 708 2059 772 ultimi
2115 730 2149 772 e
2194 707 2379 773 domo
2421 698 2735 794 'Umajjae

295 810 580 876 khalifae
652 812 933 878 Marwan
1001 813 1084 889 ΙΙ,
1139 812 1258 877 filii
1313 808 1741 892 Muhammaff,
1792 815 2146 897 ‚sumpsisse
2206 815 2518 893 videntur,
2593 837 2735 881 cum

296 917 707 983 multitudine
751 919 979 984 civium
1021 919 1169 985 freti
1215 920 1283 983 in
1314 921 1537 1003 primis
1584 919 1762 985 novis
1802 921 1992 986 rebus
2037 921 2383 999 studerent,
2429 923 2538 986 sed
2570 922 2735 986 nihil

295 1024 424 1088 nisi
469 1024 632 1088 iram
677 1025 844 1108 regis
892 1026 1237 1109 graviaque
1281 1025 1663 1092 detrimenta
1708 1027 1832 1090 sibi
1869 1033 2196 1111 pararent.
2227 1028 2279 1111 1)

475 1147 641 1224 Quia
684 1149 930 1215 incolae
962 1149 1242 1214 Tadmur
1271 1149 1572 1215 Kalbitae
1616 1156 1819 1227 erant,
1844 1154 1892 1236 1)
1941 1173 2104 1234 quae
2149 1173 2304 1236 gens
2348 1173 2488 1216 cum
2540 1150 2734 1216 Hims

294 1255 458 1318 alias
481 1260 604 1337 que
625 1254 815 1320 urbes
839 1261 977 1319 tum
1009 1263 1212 1321 totum
1234 1255 1364 1320 fere
1389 1255 1705 1321 desertum
1731 1258 2059 1342 Syriacum
2082 1258 2406 1342 implebat,
2432 1265 2506 1323 ut
2539 1259 2734 1324 etiam

296 1362 612 1425 desertum
643 1360 921 1426 filiorum
946 1361 1115 1427 Kalb
1148 1363 1466 1428 nominari
1498 1364 1746 1440 soleret,
1778 1385 2024 1448 semper
2051 1371 2269 1448 partes
2294 1365 2429 1429 eius
2453 1364 2735 1430 khalifae

296 1467 748 1549 sequebantur,
825 1468 936 1551 qui
995 1475 1213 1551 gentes
1269 1467 1310 1532 J
1313 1489 1590 1534 emenses
1652 1470 1948 1552 gentibus
2005 1471 2236 1536 Mudar
2301 1470 2732 1555 praeferebat3

294 1572 576 1651 Marwan
621 1573 686 1637 II
730 1574 927 1654 igitur
941 1570 965 1650 ,¹
1015 1574 1129 1657 qui
1187 1575 1362 1657 genti
1421 1573 1654 1640 Mudar
1710 1577 1983 1652 favebat,
2039 1577 2182 1642 ideo
2243 1578 2406 1642 cives
2452 1576 2733 1642 Tadmur

293 1678 585 1743 inimicos
630 1679 928 1756 habebat,
971 1681 1082 1762 qui
1125 1701 1262 1745 cum
1310 1681 1637 1746 occasione
1682 1682 2046 1747 rebellionis
2102 1682 2382 1761 daretur,
2444 1683 2529 1748 ad
2585 1705 2733 1749 con-

294 1781 640 1867 fligendum
717 1807 960 1868 semper
1036 1786 1247 1868 parati
1324 1792 1522 1851 erant.
1644 1787 1908 1853 Khalifa
1927 1789 1999 1873 ²),
2075 1795 2416 1872 postquam
2500 1786 2732 1873 pueros

295 1890 511 1955 Walid
566 1890 631 1955 II
686 1912 753 1955 se
821 1891 1154 1957 defendere
1225 1899 1596 1975 praetexens
1657 1894 2039 1960 Damascum
2098 1894 2364 1960 intravit
2417 1902 2480 1960 et
2537 1896 2730 1960 simu—

294 1996 554 2060 lationis
628 2018 819 2062 causa
879 2018 1028 2063 nece
1098 1997 1444 2063 liberorum
1516 1998 1771 2065 sublata
1837 2000 2109 2065 libenter
2184 1999 2375 2064 fidem
2449 1999 2729 2067 familiae

291 2088 610 2186 'Umajjae
654 2103 926 2187 accepit,
967 2102 1373 2187 prudentiam
1416 2125 1685 2188 sequens
1732 2106 1897 2171 victo
1945 2127 2056 2171 suo
2102 2107 2348 2172 aemulo
2395 2094 2728 2186 ’Ibrahim‚

291 2206 425 2273 filio
457 2209 694 2286 Walid‚
737 2209 999 2292 eiusque
1061 2211 1308 2275 suasori
1340 2211 1684 2289 Sulaiman‚
1729 2211 1863 2277 filio
1896 2212 2181 2290 Hisham,
2223 2215 2523 2297 pepercit,
2568 2216 2726 2298 quin

293 2316 484 2381 etiam
553 2315 621 2379 in
666 2314 1164 2380 familiaritatem
1219 2337 1324 2381 eos
1390 2317 1624 2399 adegit.
1718 2317 1840 2382 Hic
1901 2325 2114 2383 autem
2166 2325 2358 2384 antea
2418 2342 2558 2385 cum
2602 2321 2730 2386 fra-

292 2422 500 2486 tribus
547 2421 859 2505 sociisque
901 2420 1181 2486 Tadmur
1227 2421 1612 2506 confugerat.
1709 2423 1808 2488 Ibi
1855 2431 2093 2490 secreto
2152 2425 2541 2504 seditionem,
2587 2448 2729 2491 cum

293 2549 615 2610 nunquam
661 2528 949 2611 quamvis
1007 2527 1133 2593 fide
1181 2528 1335 2593 data
1396 2529 1679 2595 sincerus
1724 2528 2014 2595 khalifae
2059 2531 2299 2597 amicus
2343 2539 2522 2610 esset,
2581 2554 2730 2598 con-

291 2631 480 2698 flasse
519 2633 792 2700 videtur.

468 2757 613 2821 Non
658 2757 858 2822 multo
902 2763 1048 2841 post
1091 2756 1328 2822 factum
1373 2764 1485 2835 est,
1529 2765 1603 2824 ut
1634 2758 1845 2836 Hims,
1895 2780 2057 2843 quae
2102 2759 2255 2824 urbs
2300 2761 2507 2844 prima
2536 2760 2726 2828 fidem

288 2862 572 2928 khalifae
604 2870 876 2939 voverat,
903 2864 1111 2948 prima
1143 2884 1281 2928 eam
1317 2864 1609 2929 violaret.
1687 2864 1894 2930 Erant
1930 2872 2144 2930 autem
2184 2872 2321 2930 tum
2357 2867 2554 2932 animi
2579 2868 2729 2933 sub-

284 2969 597 3053 jectorum
643 2976 776 3034 tam
819 2970 1007 3047 leve8‚
1053 2990 1200 3034 vera
1245 2968 1401 3033 fides
1450 2975 1586 3034 tam
1629 2991 1799 3047 rara,
1844 2971 2226 3055 cupiditates
2270 2979 2402 3037 tam
2441 2974 2730 3040 celeriter

291 3075 558 3140 allectae
573 3124 590 3152 ,
662 3082 735 3140 ut
800 3075 1043 3140 homini
1110 3073 1377 3141 factioso
1452 3082 1669 3160 partes
1737 3098 2063 3159 nunquam
2115 3077 2419 3145 deessent.
2536 3080 2729 3146 Prae-

291 3181 473 3264 cipue
516 3179 714 3245 Hims
758 3181 1055 3246 mutabili
1099 3181 1309 3247 animo
1368 3204 1581 3248 omnes
1632 3183 2018 3261 antestabat,
2079 3205 2276 3267 quare
2321 3186 2493 3251 mala
2535 3188 2727 3264 fama,

291 3306 433 3352 eam
496 3308 630 3352 esse
689 3288 1093 3371 stupidorum
1151 3288 1391 3366 urbem,
1451 3289 1796 3354 fruebatur.
1816 3288 1869 3374 3)
1974 3288 2207 3356 Thabit
2274 3291 2495 3374 igitur,
2559 3290 2728 3358 filius

290 3382 565 3472 Nu‘aim,
609 3415 754 3459 cum
784 3394 918 3460 eius
951 3395 1116 3459 cives
1149 3394 1571 3472 sollicitasset,
1617 3395 1835 3460 statim
1866 3395 2154 3461 subsidia
2184 3396 2727 3464 Tadmurenorum

289 3520 622 3577 accessere,
655 3499 775 3564 viri
807 3499 885 3564 de
915 3499 1084 3565 Kalb
1111 3500 1375 3566 ducibus
1400 3501 1458 3565 el
1473 3487 1808 3583 -'Asbagh,
1837 3498 1970 3567 filio
2005 3501 2371 3580 Dhuwalae,
2403 3504 2727 3588 ipsiusque

288 3603 440 3670 filiis
486 3611 549 3671 et
578 3594 896 3692 Mu‘awija
940 3606 1321 3672 es-Siksiki.
1352 3606 1573 3672 Plures
1608 3629 1686 3672 ex
1731 3607 1876 3672 aliis
1907 3607 2173 3674 urbibus
2219 3631 2360 3674 cum
2390 3610 2725 3688 venissent,

468 3871 507 3939 1)
542 3863 775 3924 Mas‘sidi
809 3871 863 3923 in
907 3870 1099 3939 „pratis
1136 3870 1337 3924 aureis“
1379 3871 1474 3924 IV.
1513 3871 1582 3926 68
1617 3871 1818 3926 incolas
1855 3888 1884 3925 e
1911 3871 2115 3938 Qaktan
2151 3874 2291 3928 ortos
2329 3875 2527 3943 scribit,
2565 3891 2723 3930 exac-

286 3959 396 4012 tius
429 3959 469 4012 ii
502 3958 745 4012 Kalbitae
781 3960 1119 4014 nominantur
1153 3960 1296 4027 apud
1332 3959 1465 4014 e1-J
1466 3953 1665 4028 a‘qfibi
1702 3960 1860 4014 Kitab
1897 3960 1948 4014 el
1962 3961 2196 4015 -buldiin
2233 3962 2314 4016 ed.
2341 3962 2375 4015 J
2377 3962 2598 4031 uynboll
2623 3964 2721 4016 111

289 4049 343 4100 et
376 4048 442 4102 ab
477 4048 742 4102 historicis
777 4047 992 4116 pluries

467 4137 508 4205 2)
546 4135 693 4202 Quae
730 4139 1043 4204 sequuntur,
1081 4137 1203 4190 vide
1241 4138 1382 4205 apud
1418 4136 1509 4189 el·
1523 4134 1688 4191 Athir
1721 4138 1831 4191 tom
1867 4137 1917 4189 V
1953 4156 2003 4206 p.
2044 4138 2146 4191 245
2183 4137 2270 4206 ff.,
2312 4155 2436 4192 cum
2486 4155 2590 4233 quo
2625 4139 2724 4193 Ibn

284 4223 536 4279 Khaldun
573 4223 756 4279 multis
792 4224 922 4278 locis
959 4225 1026 4279 ad
1064 4224 1290 4278 verbum
1328 4226 1584 4295 congruit.
1622 4224 1802 4294 (editio
1844 4224 2186 4294 Qahirensis).

465 4314 506 4383 ³)
544 4312 702 4382 Apud
735 4313 797 4367 J
771 4312 898 4382 aqut
933 4314 1034 4367 sub
1071 4312 1152 4365 H
1137 4330 1269 4381 ims
1306 4314 1429 4368 vide
1465 4314 1625 4369 etiam
1661 4311 1984 4382 Muqaddasi
2019 4330 2070 4382 p.
2112 4315 2197 4367 34.

2364 4405 2404 4465 2
