3250 4684
1502 242 1582 302 21

329 448 768 514 el-Khararat
812 451 928 514 sub
973 456 1185 515 monte
1229 449 1419 515 Bishr
1440 450 1491 535 1)
1527 451 1677 515 victi
1724 458 1921 516 erant.
2012 451 2289 516 Primam
2320 452 2486 516 hano
2516 451 2771 535 expedi·
2847 472 2852 477 ²

329 556 572 620 tionem
618 556 930 638 generalis
962 556 1029 621 in
1070 562 1274 622 totum
1320 558 1635 622 desertum
1673 558 1951 623 incursio
1996 564 2060 623 et
2091 558 2275 640 quasi
2319 558 2769 641 pervestigatio

333 669 553 727 secuta
597 669 694 727 est
737 684 906 728 anno
939 666 1087 727 344.
1183 663 1416 729 Gentes
1459 652 1699 747 cUqail‚
1746 664 2043 745 Qushair,
2086 654 2362 748 ‘Adjlan'
2388 685 2593 748 neque
2640 685 2768 730 non

331 757 501 833 Ka‘b
559 769 682 834 ben
740 759 968 834 Rabi‘a
1026 770 1125 833 jn,
1154 770 1481 853 planitiem
1545 770 1628 834 ad
1671 770 2061 855 Salamijjam
2129 769 2335 847 sitam,
2389 770 2579 834 Kilab
2647 770 2769 836 ben

331 864 563 940 Rabi‘a
617 874 702 939 ad
759 881 1019 958 puteum
1080 876 1415 960 ez-Zarqa
1468 876 1636 941 inter
1681 876 2110 941 Khunasiram
2169 883 2231 942 et
2290 875 2563 961 Surijam
2586 876 2640 961 ²)
2696 881 2771 940 ut

331 988 779 1058 convenerunt,
837 983 1153 1047 communi
1212 983 1475 1047 consilio
1518 1004 1707 1065 agere
1763 983 2241 1048 constituerunt.
2335 982 2527 1047 Initio
2580 983 2769 1047 nimis

331 1089 603 1170 neglecti
649 1089 716 1152 in
750 1089 1114 1154 excursione
1145 1078 1416 1164 Mathis,
1462 1089 1668 1153 virum
1713 1089 1791 1154 de
1820 1088 2112 1172 Taghlib,
2158 1089 2225 1152 in
2257 1088 2491 1172 oppido
2522 1078 2773 1174 Zara‘ja

331 1195 542 1277 ipsum
590 1193 931 1271 Qinnesrin
977 1194 1153 1261 urbis
1199 1194 1601 1278 praefectum,
1649 1195 1918 1273 sabbalo,
1962 1194 2167 1260 filium
2209 1184 2524 1272 ‘Umaraa
2571 1195 2768 1261 inter-

331 1299 654 1367 ficiebant.
728 1301 846 1366 His
891 1300 1080 1366 rebus
1110 1308 1431 1385 permotus
1463 1300 1989 1368 Sais-ed-Daula
2034 1301 2116 1367 ad
2162 1322 2376 1366 eorum
2421 1300 2659 1368 bellum
2703 1324 2769 1368 se

330 1407 759 1491 praeparavit,
803 1407 912 1473 sed
956 1428 1070 1492 per
1114 1406 1405 1472 undecim
1461 1407 1628 1485 dies,
1686 1408 1892 1490 primo
1953 1409 2205 1491 agmine
2260 1407 2639 1491 praemisse,
2685 1407 2769 1472 ad

334 1511 552 1579 Halab
585 1513 812 1577 castris
845 1534 910 1578 se
954 1512 1230 1591 tenebat,
1262 1520 1335 1579 ut
1369 1514 1535 1579 latus
1567 1514 1848 1578 hostium
1891 1521 2132 1598 aptum,
2177 1513 2245 1577 in
2276 1513 2448 1597 quod
2480 1514 2769 1592 irrueret,

334 1620 770 1702 specularetur
829 1619 1008 1705 (ante
1069 1618 1235 1684 diem
1295 1620 1404 1686 VI.
1448 1619 1592 1684 Kal.
1639 1619 1867 1684 Junias
1921 1640 2124 1703 usque
2182 1641 2239 1684 a.
2302 1619 2361 1685 d.
2424 1620 2599 1686 VIII.
2664 1619 2766 1684 Jd.

335 1724 376 1789 J
378 1723 518 1809 un.)
653 1726 814 1790 Tum
889 1726 1175 1791 celeriter
1258 1726 1483 1791 castris
1566 1726 1755 1791 motis
1829 1725 1913 1791 ad
1993 1728 2459 1791 er-Ramusam
2478 1726 2552 1811 3),
2627 1726 2768 1791 Tall

335 1831 539 1896 Masih
555 1832 629 1916 4),
688 1831 837 1896 inde
897 1832 1143 1914 aliquid
1188 1829 1522 1898 deflectens
1569 1831 1653 1897 ad
1697 1854 1935 1915 aquam
1979 1831 2327 1917 el-Khijar
2346 1833 2402 1918 5)
2446 1833 2767 1915 processit,

336 1959 461 2021 quo
519 1937 812 2002 nuntiato
872 1945 1090 2022 gentes
1145 1937 1336 2003 Kilab
1394 1937 1478 2003 ad
1538 1939 1912 2022 obsequium
1967 1938 2295 2023 redierunt
2348 1939 2768 2022 manibusque

334 2042 638 2128 praefecti
681 2043 968 2109 adiuncti
1015 2051 1192 2121 sunt3
1239 2043 1386 2109 dein
1430 2043 1514 2109 ad
1558 2050 1819 2128 puteum
1857 2045 2170 2130 Badijjam
2188 2043 2241 2129 6)
2282 2051 2345 2109 et
2377 2044 2768 2129 Salamijjam

336 2151 557 2216 urbem
611 2172 652 2214 a
707 2149 1164 2215 rebellantibus
1220 2151 1506 2216 relictam
1563 2157 1817 2215 ventum
1875 2156 1985 2215 est.
2108 2151 2350 2216 Arabes
2411 2151 2625 2234 copias
2683 2149 2767 2215 ad

337 2255 588 2321 Hairan
610 2255 663 2340 ⁷)
747 2262 810 2320 et
876 2256 1306 2340 el-Furqulus
1326 2256 1382 2342 8)
1446 2257 1782 2340 collegere,
1848 2257 2158 2340 proelium
2225 2257 2543 2341 incepere,
2622 2277 2766 2321 mox

336 2362 700 2428 celerrimae
757 2361 946 2446 fugae
1002 2383 1067 2427 se
1125 2363 1367 2429 dedere.
1472 2363 1644 2440 Quos
1689 2363 2004 2428 insectans
2065 2362 2203 2428 Sais
2213 2363 2602 2428 -ed-Daula
2654 2362 2766 2427 ubi

517 2609 556 2677 1)
591 2610 624 2662 J
626 2609 779 2678 aqut:
841 2609 919 2673 „el
936 2609 1146 2678 -Bishr,
1183 2625 1376 2663 nomen
1411 2610 1688 2678 montium,
1737 2625 1871 2678 quae
1908 2610 1973 2663 ab
2010 2602 2146 2662 ‘Urd
2178 2609 2308 2662 urbe
2346 2609 2502 2677 (inter
2538 2609 2768 2662 Tadmur

337 2697 388 2750 el
410 2697 666 2750 Rusafam
705 2699 825 2766 sita)
864 2699 930 2751 ad
965 2699 1168 2750 flumen
1197 2698 1519 2767 Euphratem
1544 2698 1899 2767 porriguntur,
1935 2698 1991 2750 in
2027 2698 2297 2766 provincia
2320 2697 2473 2766 Syria
2508 2715 2541 2751 a
2576 2698 2768 2751 deserti

338 2786 515 2840 latere.
588 2785 669 2838 Ibi
705 2786 741 2838 4
775 2786 981 2840 fodinae
1019 2788 1160 2853 sunt,
1200 2788 1254 2839 et
1286 2787 1419 2855 picis
1444 2789 1497 2838 et
1523 2788 1691 2840 terrae
1715 2786 1905 2839 rubrae
1930 2787 2203 2840 tinctorias
2228 2787 2281 2839 et
2312 2784 2541 2855 argillae,
2579 2802 2767 2840 arenae

338 2874 580 2942 denique,
637 2890 773 2942 quae
810 2874 877 2928 ad
913 2874 1270 2928 fabricandum
1311 2875 1510 2927 vitrum
1564 2875 1620 2927 in
1654 2874 1785 2928 urbe
1823 2874 1996 2929 Halab
2030 2875 2086 2927 in
2123 2891 2228 2928 usu
2264 2876 2358 2928 est.
2368 2877 2390 2900 “
2465 2874 2548 2926 Ex
2586 2874 2768 2942 primis

337 2962 514 3016 verbis
552 2962 690 3015 clare
728 2962 917 3030 elucet,
957 2979 1174 3016 cursum
1212 2964 1469 3016 montium
1506 2964 1681 3032 potius
1717 2980 1751 3017 a
1786 2963 2136 3032 septentrione
2172 2963 2239 3016 ad
2274 2963 2548 3015 meridiem
2582 2978 2768 3016 versus

338 3051 517 3118 fuisse,
556 3067 732 3119 quam,
770 3052 832 3104 ut
854 3052 910 3104 in
934 3067 1125 3119 mappa
1148 3050 1376 3119 Kiepert.
1404 3051 1471 3105 ad
1497 3051 1735 3105 Sachau:
1772 3051 1929 3105 Reise
1954 3053 2071 3118 etc.‚
2110 3051 2404 3104 secundum
2427 3051 2765 3119 Euphratem.

336 3138 495 3192 Nunc
533 3139 726 3192 dicitur
761 3139 845 3192 el·
860 3137 1045 3193 Bishri
1081 3140 1147 3192 cf.
1187 3139 1394 3193 Sachau
1431 3139 1550 3195 250.
1600 3139 1664 3192 In
1702 3156 1884 3194 earum
1919 3141 2130 3209 regione
2167 3139 2293 3193 olim
2330 3138 2547 3208 Taghlib
2585 3154 2767 3193 conse-

339 3227 546 3295 debant,
581 3244 722 3280 nunc
759 3226 937 3280 AnC²ze
973 3227 1226 3281 habitant.

516 3315 558 3383 2)
595 3315 764 3384 Legas
801 3331 899 3368 ez·
917 3311 1142 3384 Zara‘ja3
1181 3332 1241 3368 ez
1258 3316 1457 3384 -Zarqa
1494 3317 1548 3368 in
1589 3332 1678 3369 via
1714 3316 1778 3369 ab
1805 3314 1979 3369 Halab
2009 3316 2239 3369 Tadmur
2273 3332 2477 3383 versus,
2517 3332 2652 3385 quae
2688 3319 2771 3370 est

339 3404 454 3457 octo
493 3404 714 3472 dierum,
751 3404 905 3456 teitio
941 3404 1025 3456 die
1062 3404 1266 3473 attigis,
1320 3406 1504 3472 quarto
1540 3405 1721 3457 autem
1752 3403 1837 3456 el·
1852 3403 2040 3473 Esrijje
2093 3405 2148 3457 id
2186 3406 2267 3458 est
2301 3420 2398 3457 ez·
2413 3399 2625 3473 Zara‘ja.
2700 3407 2766 3461 cf.

339 3491 575 3545 Sachau:
615 3492 770 3545 Reise
807 3494 906 3545 etc.
949 3492 1207 3546 129-30.
1279 3491 1411 3546 Plus
1448 3492 1512 3545 de
1549 3485 1820 3546 ez-Zara‘a
1854 3493 1910 3545 in
1948 3492 2118 3560 capite
2150 3492 2244 3546 IV.

517 3581 558 3649 ³)
596 3580 778 3648 VicuS,
816 3581 907 3649 qui
938 3581 970 3632 2
995 3581 1209 3634 milibus
1234 3582 1298 3635 ab
1324 3580 1497 3634 Halab
1523 3581 1685 3635 distat
1707 3597 1810 3635 sec.
1838 3580 1923 3634 el·
1938 3581 2101 3634 Bekri
2127 3580 2180 3649 (J
2181 3582 2331 3649 aqut:
2372 3581 2405 3634 2
2428 3582 2768 3652 parasangis).

516 3669 558 3737 4)
596 3667 862 3737 Oppidum
910 3668 966 3721 in
1013 3669 1238 3722 circuitu
1273 3668 1446 3722 Halab
1497 3670 1603 3723 iam
1653 3671 1718 3724 ab
1767 3669 1950 3723 Imru-
1965 3669 2024 3723 11]
2039 3699 2061 3710 -
2080 3668 2205 3735 Qais
2263 3672 2609 3724 memoratum
2660 3670 2769 3741 (el-

338 3754 544 3826 Bekr'i).

518 3845 561 3913 5)
597 3844 847 3899 Mendose
884 3861 965 3914 ap.
1007 3846 1071 3898 de
1108 3844 1246 3914 Sacy
1283 3844 1451 3899 el-k-
1467 3848 1590 3917 war.

516 3932 560 4001 ⁶)
593 3933 816 3987 Duobus
853 3934 1037 3987 diebus
1074 3934 1139 3988 ab
1176 3933 1349 3989 Halab
1386 3934 1709 4004 Salamijjam
1745 3950 1934 3988 versus
1972 3935 2187 3990 distans

521 4023 561 4090 ⁷)
597 4022 743 4075 Inter
779 4022 1100 4091 SalamiJJam
1137 4026 1190 4076 et
1223 4017 1569 4078 Mu'tafikam.
1645 4022 1748 4092 (el-
1762 4022 1961 4093 Bekri.)

517 4110 559 4179 ⁸)
597 4110 660 4164 In
699 4127 811 4178 cap.
849 4110 1049 4164 XXXI
1083 4110 1250 4164 Notit.
1290 4111 1486 4181 Dignit.
1535 4113 1626 4181 qui
1662 4111 1813 4166 locus
1862 4110 2257 4180 Betproclis
2295 4113 2640 4179 memoratur,
2679 4112 2770 4166 ubi

341 4199 545 4266 equites
582 4200 817 4253 saraceni
875 4199 1151 4267 indigenae
1206 4198 1444 4254 collocati
1479 4202 1628 4254 erant
1683 4200 1840 4268 (inter
1873 4201 2087 4253 nomina
2123 4196 2406 4253 Calamona
2441 4202 2494 4252 et
2529 4199 2769 4269 Thelsea)

340 4290 395 4343 et
430 4286 539 4341 situ
586 4288 640 4340 et
686 4288 897 4340 nomine
945 4286 1246 4341 simillimus
1292 4290 1374 4342 est
1416 4288 1463 4342 el
1479 4318 1501 4328 -
1516 4288 1789 4358 Furqulus
1825 4290 2031 4356 nostr03
2092 4288 2234 4356 apud
2269 4289 2505 4342 recentes
2542 4288 2771 4342 viatores
