3250 4684
1551 302 1590 362 5

347 511 636 575 tudinem
679 517 793 575 aut
821 511 1267 575 auctoritatem
1300 511 1559 575 minime
1590 533 1667 576 ex
1700 532 1776 574 ea
1806 510 2131 576 deducam.
2211 509 2342 574 Sub
2374 508 2789 593 dispositione

348 624 563 681 autem
609 616 788 681 ducis
829 612 1171 681 Thebaidis
1203 618 1309 682 ala
1343 617 1498 682 VIII
1530 617 1815 700 equitum
1844 617 2360 701 Palmyrenorum
2408 622 2471 680 et
2515 636 2787 692 „cuneus

348 723 633 805 equitum
706 723 1124 788 secundorum
1186 723 1605 788 clibaniorum
1664 722 2222 807 Palmyrenorum“
2293 723 2410 787 sub
2477 721 2787 804 Magistro

349 830 625 894 militum
671 851 783 913 per
828 827 1149 894 Orientem
1195 835 1351 895 erat.
1377 829 1428 914 1)

525 970 695 1035 Num
728 971 1028 1056 Palmyra
1060 970 1651 1054 perturbationibus
1684 970 1855 1035 illius
1881 970 2189 1053 'temporis
2220 969 2549 1053 implicata
2577 969 2787 1047 fuerit,

349 1099 391 1142 a
435 1077 610 1142 nullo
659 1078 969 1155 traditur3
1029 1076 1200 1143 facta
1256 1085 1469 1143 autem
1528 1077 1823 1160 graviora
1880 1098 2022 1141 cum
2079 1077 2195 1141 illa
2248 1077 2316 1139 in
2361 1076 2616 1158 regione
2654 1075 2787 1142 fere

351 1183 532 1249 nulla
603 1183 979 1261 acciderent,
1053 1185 1206 1250 urbs
1288 1184 1475 1248 facile
1544 1185 1830 1266 neglecta
1905 1190 1969 1247 et
2024 1183 2247 1265 ignota
2308 1181 2449 1248 fieri
2514 1188 2783 1266 poterat.

351 1288 752 1373 Quapropter
780 1289 820 1354 J
822 1290 1181 1370 ustinianus
1215 1289 1561 1373 imperator
1585 1290 1715 1355 iam
1737 1289 1943 1373 primo
1973 1288 2153 1371 regni
2186 1309 2353 1354 anno
2385 1291 2788 1373 (527‘mense

352 1395 644 1473 Octobri)
673 1402 809 1461 tum
853 1396 1017 1460 alias
1047 1397 1304 1460 termini
1331 1394 1659 1461 orientalis
1691 1395 1899 1473 urbeS,
1932 1402 2067 1460 tum
2090 1395 2452 1478 Palmyram
2484 1415 2788 1459 renovare

333 1507 412 1574 ket
434 1523 731 1585 reparare
761 1502 1106 1567 constituit.
1134 1504 1187 1586 2)
1247 1501 1453 1579 Quam
1498 1502 1729 1583 exigua
1757 1508 1892 1567 tum
1925 1507 1989 1566 et
2032 1501 2253 1583 ignota
2280 1500 2435 1565 haec
2460 1500 2670 1578 fuerit,
2709 1521 2786 1564 ex

349 1608 642 1691 Procopii
701 1608 910 1675 verbis
971 1609 1208 1674 elucet.
1278 1607 1489 1685 „Urbs
1549 1613 1645 1672 est
1706 1606 1942 1672 alicubi
1988 1608 2056 1670 in
2100 1606 2413 1671 Phoenice
2454 1607 2786 1672 Paraliba-

352 1713 549 1791 nesia,
613 1714 913 1797 Palmyra
963 1722 1207 1791 vocata,
1251 1720 1615 1779 constructa
1658 1735 1698 1778 a
1742 1713 2030 1796 pristinis
2075 1712 2438 1778 hominibus
2483 1713 2552 1777 in
2613 1720 2786 1779 terra

349 1819 591 1884 carenti
649 1819 901 1902 quidem
959 1820 1201 1896 viciniS,
1271 1820 1379 1885 sed
1441 1819 1524 1884 ad
1583 1820 1921 1884 transitum
1989 1819 2447 1884 Saracenorum
2505 1818 2786 1885 hostium

350 1927 727 2009 opportuna.
733 1933 768 1962 ‘⁶
843 1925 1246 1990 Justinianus
1290 1926 1489 2008 igitur
1535 1925 1821 2007 ingentia
1866 1925 2013 1989 urbi
2058 1925 2309 1989 moenia
2354 1924 2786 2003 circumdedit,

352 2052 516 2114 quae
548 2031 755 2096 adhuc
786 2032 1124 2116 praecipue
1155 2031 1238 2096 ad
1271 2032 1728 2115 septentriones
1761 2036 1825 2097 et
1846 2031 2169 2095 meridiem
2194 2052 2410 2096 versus
2441 2038 2710 2097 exstant.
2730 2032 2785 2118 3)

350 2136 622 2202 Materia
689 2137 1163 2217 architectoneS‚
1234 2144 1307 2202 ut
1371 2159 1531 2221 opus
1600 2143 2012 2214 maturarent,
2089 2138 2375 2221 antiquis
2442 2138 2782 2211 ruderibus

349 2243 449 2307 usi
495 2265 628 2309 esse
673 2243 984 2319 videntur,
1032 2251 1122 2321 ut,
1168 2244 1221 2308 si
1256 2266 1425 2308 nunc
1468 2245 1632 2308 muri
1665 2249 1989 2321 eruantur,
2034 2249 2203 2309 certe
2233 2251 2783 2309 monumentorum

320 2334 771 2432 ‘pretiosorum
816 2351 1000 2433 copia
1037 2351 1111 2413 vin
1155 2351 1359 2415 lucem
1401 2350 1739 2434 proditura
1784 2351 1885 2414 sit.
1961 2349 2120 2414 Item
2166 2350 2598 2433 aquaeductus
2644 2357 2781 2415 tum

348 2456 562 2519 refecti
597 2462 779 2533 sunt3
824 2477 976 2520 num
1018 2453 1384 2521 remotiores
1425 2456 1542 2532 illi,
1575 2457 1684 2539 qui
1730 2457 1881 2520 olim
1926 2456 2022 2522 vel
2059 2476 2091 2519 e
2125 2457 2485 2522 Antilibani
2530 2456 2789 2539 regione

349 2560 552 2625 fontes
598 2560 916 2626 ducebant
960 2563 1062 2647 (cf.
1108 2584 1342 2646 mappa
1387 2561 1417 2625 I
1463 2562 1580 2627 ad:
1622 2562 1905 2627 Sachau:
1951 2562 2137 2627 Reise
2167 2562 2369 2626 durch
2402 2562 2623 2648 Syrien
2656 2563 2788 2627 und

351 2666 880 2752 Mesopotamien)
936 2669 1102 2733 inter
1163 2690 1268 2734 eos
1324 2667 1578 2744 fuerint,
1639 2667 1861 2732 dubito
1879 2694 1896 2745 3
1957 2668 2039 2732 ad
2098 2667 2524 2734 defendendas
2568 2670 2790 2733 'muni-

338 2774 552 2866 tiones
597 2779 808 2838 autem
853 2774 1129 2839 militum
1174 2774 1563 2857 praesidium
1607 2775 1676 2838 in
1721 2774 1878 2839 urbe
1925 2774 2305 2840 collocatum
2349 2781 2462 2841 est.

525 2931 958 3016 Theophanes,
1019 2933 1198 2998 cuius
1256 2934 1449 2999 verba
1506 2954 1740 3015 magna
1793 2954 1871 2997 ex
1915 2940 2099 3017 parte
2144 2933 2187 2999 J
2188 2933 2471 3000 ohannes
2517 2935 2790 3002 Malalas

345 3039 596 3121 repetit,
627 3039 970 3104 maximam
1000 3034 1351 3123 pecuniam,
1384 3046 1730 3122 „quantam
1760 3039 1975 3104 nullus
2006 3061 2119 3105 rex
2151 3061 2430 3123 unquam
2469 3040 2787 3119 donavit“,

349 3145 431 3208 ad
477 3145 905 3210 renovandam
966 3147 1186 3210 urbem
1248 3146 1466 3211 datam
1510 3167 1645 3212 esse
1689 3151 2015 3211 memorat.
2121 3145 2553 3211 Nihilominus
2602 3169 2791 3230 gene-

314 3286 315 3293 *
348 3251 1066 3317 ralemmenovationem
1112 3272 1240 3316 non
1296 3252 1616 3334 intelligO,
1688 3273 2073 3335 quamquam
2117 3251 2389 3317 Malalas
2434 3253 2634 3331 verba
2673 3254 2791 3319 illa

351 3355 628 3421 dilatans
674 3355 885 3420 addit:
933 3363 996 3421 et
1041 3358 1335 3423 ecclesias
1380 3365 1443 3423 et
1487 3357 1779 3423 aedificia
1823 3357 2084 3441 publica
2127 3357 2363 3423 refecta
2409 3380 2543 3425 esse
2558 3384 2575 3436 3
2640 3381 2788 3425 nam

351 3460 715 3544 ProcopiuS,
773 3462 953 3528 testis
1002 3464 1380 3541 luculentuS,
1425 3464 1612 3551 huius
1662 3464 2178 3528 memorationem
2224 3471 2391 3531 certe
2438 3465 2789 3530 omissurus

353 3587 480 3631 non
522 3566 757 3632 fuisset.
848 3567 1265 3652 Theophanes
1311 3571 1567 3653 quidem
1621 3571 1839 3636 ducem
1885 3570 2264 3635 Emesenum
2299 3593 2438 3637 cum
2469 3572 2789 3655 praesidio

532 3829 572 3899 1)
609 3829 731 3884 Not.
770 3832 925 3902 Dign.
965 3833 1046 3886 ed.
1083 3833 1335 3901 B‘ocking.
1408 3832 1575 3886 Bonn.
1617 3832 1769 3887 1839.
1809 3851 1858 3902 p.
1896 3833 1982 3902 85,
2021 3833 2103 3902 76,
2142 3834 2224 3887 27.

535 3956 576 4020 2)
616 3954 859 4024 Procopii
896 3973 1053 4024 opera
1089 3957 1169 4009 ed.
1207 3956 1444 4025 Dindorf,
1481 3957 1650 4011 Bonn.
1691 3957 1844 4011 1838.
1885 3958 1954 4011 H.
1993 3957 2082 4012 lib.
2119 3958 2189 4012 Π.
2230 3974 2340 4027 cap.
2382 3960 2445 4012 11
2483 3960 2538 4012 in
2574 3959 2694 4013 fine.
2723 3991 2790 3999 —

361 4043 687 4112 Theophanis
725 4043 1152 4113 Chronographia
1187 4045 1267 4097 ed.
1296 4044 1351 4099 O.
1392 4045 1457 4098 de
1497 4045 1651 4114 Βοοτ,
1688 4046 1904 4115 Leipzig
1943 4045 2096 4100 1883.
2134 4065 2184 4115 p.
2214 4048 2342 4114 1743
2376 4046 2601 4101 Malalae
2627 4047 2790 4103 Chro-

358 4132 644 4201 nographia
680 4132 760 4184 ed.
798 4132 1035 4200 Dindorf,
1072 4132 1239 4186 Bonn.
1281 4132 1434 4187 1831.
1472 4152 1522 4202 p.
1561 4135 1681 4188 425.

536 4255 580 4323 ⁸)
614 4256 773 4324 Apud
809 4255 1009 4308 Wood.
1071 4256 1179 4308 The
1215 4256 1363 4309 ruins
1413 4258 1469 4310 of
1499 4257 1753 4326 Palmyra
1801 4258 2078 4312 otherwise
2114 4257 2337 4313 Tadmor
2382 4259 2437 4312 in
2474 4258 2566 4311 the
2602 4228 2769 4312 deseri

361 4343 514 4397 1752.
550 4342 674 4396 vide
709 4344 765 4396 in
799 4341 996 4397 tabulis
1031 4344 1229 4411 primis,
