3250 4684
1669 239 1741 306 *6

509 454 842 537 Palmyrae
912 453 1253 521 stationem
1323 455 1559 520 habere
1617 456 1855 521 iussum
1923 477 2055 520 esse
2113 455 2396 539 scripsit,
2464 461 2537 519 ut
2602 455 2948 539 imperium

507 561 864 624 Romanum
908 581 1214 643 sacraque
1264 560 1405 626 loca
1449 561 1823 627 defenderet.
1849 560 1901 645 1)

684 664 1032 730 Justiniani
1076 667 1407 730 consilium
1454 674 1654 732 toturn
1700 669 2036 751 imperium
2081 669 2150 733 ‘vi
2197 689 2517 732 murorum
2561 674 2623 732 et
2665 667 2949 732 turrium

510 773 592 839 ab
636 773 927 838 hostibus
974 772 1366 848 defendendi,
1412 795 1554 838 cum
1589 774 1815 839 ultima
1855 775 2110 857 quidem
2134 774 2359 838 salutis
2400 775 2565 839 ratio
2604 774 2950 849 videretur,

510 880 869 964 Palmyram
924 879 1542 963 innumerabilesque
1598 880 1760 946 alias
1816 880 2006 945 urbes
2051 880 2132 944 ab
2180 882 2647 964 expugnatione
2693 900 2950 945 servare

511 986 767 1050 minime
822 986 1051 1062 valuit3
1112 986 1266 1067 quin
1312 987 1505 1051 etiam
1555 987 1745 1050 minis
1788 987 2020 1068 magiS,
2073 1008 2261 1070 quam
2306 987 2500 1051 armis
2546 987 2651 1051 vix
2694 992 2949 1050 centum

510 1097 656 1175 post
700 1112 900 1157 annos
945 1091 1185 1156 Arabes
1231 1113 1371 1156 eam
1417 1113 1651 1176 cepere.

690 1196 931 1264 Ultima
977 1197 1309 1281 Palmyrae
1368 1219 1445 1261 ex
1504 1198 1624 1263 hoc
1680 1206 1961 1282 tempore
2025 1199 2260 1264 mentio
2305 1199 2372 1262 in
2420 1199 2634 1263 codice
2676 1198 2937 1282 Syriaco

511 1304 889 1387 perantiquo
959 1305 1478 1391 commentarium
1538 1304 1852 1370 Johannis
1914 1304 2347 1389 Chrysostomi
2417 1304 2485 1368 in
2550 1305 2947 1387 evangelium

513 1409 825 1474 Matthaei
887 1410 1233 1474 continenti
1257 1410 1309 1496 2)
1367 1411 1720 1489 invenitur3
1784 1412 1963 1475 cuius
2023 1411 2359 1475 voluminis
2420 1411 2487 1474 in
2533 1411 2771 1494 pagina
2819 1413 2946 1475 107

513 1515 842 1581 adnotatio
902 1538 1014 1580 nos
1077 1515 1277 1594 docet,
1334 1538 1467 1582 esse
1537 1517 1606 1581 id
1667 1516 1954 1583 coenobii
2021 1517 2351 1581 cuiusdam
2394 1516 2581 1582 Natfa
2626 1516 2705 1581 de
2750 1516 2949 1599 Zagal

513 1644 553 1687 a
598 1623 852 1688 latere
899 1621 1129 1687 Tadm
1148 1645 1237 1686 ur
1300 1623 1732 1707 scriptumque
1787 1645 1921 1688 esse
1974 1623 2275 1707 impensis
2340 1623 2593 1688 abbatis
2638 1623 2949 1689 Simeonis

514 1735 578 1793 et
621 1729 909 1804 fratrum,
954 1735 1162 1794 aetate
1207 1729 1641 1813 episcoporum
1685 1731 1726 1795 J
1729 1715 1909 1795 acobi
1956 1736 2018 1794 et
2051 1728 2385 1806 Theodori,
2429 1736 2734 1811 regnante
2778 1716 2947 1794 'Abu

515 1834 736 1898 Karib.
844 1833 966 1909 Qui
1024 1855 1137 1899 rex
1195 1835 1480 1919 pleniore
1525 1836 1779 1899 nomine
1840 1823 2008 1899 ²·Abu
2055 1835 2257 1900 Karib
2303 1824 2578 1899 Nu‘man
2630 1835 2736 1911 VI,
2783 1857 2949 1899 unus

513 1960 590 2004 ex
614 1939 1005 2017 GassanidiS‚
1049 1940 1131 2005 ab
1177 1961 1232 2005 a.
1281 1944 1632 2006 597—600
1676 1962 1973 2023 regnasse
2009 1940 2337 2024 videtur.3)
2395 1940 2605 2039 'Plura
2647 1941 2839 2006 verba
2880 1941 2945 2004 in

513 2045 722 2128 prima
765 2046 1001 2129 pagina
1046 2046 1373 2127 leguntur:
1439 2047 1729 2111 volumen
1776 2047 2002 2113 exinde
2049 2048 2333 2112 coenobii
2380 2047 2554 2111 Mose
2586 2047 2950 2111 consecrati

515 2153 583 2216 in
646 2159 855 2216 monte
897 2151 1110 2216 Resha
1168 2152 1372 2216 rabba
1425 2152 1507 2216 ad
1566 2153 1872 2218 orientale
1917 2153 2087 2217 latus
2148 2152 2372 2218 Natfae
2435 2153 2812 2236 spectantiS,
2880 2153 2945 2216 in

517 2258 843 2342 provincia
917 2258 1340 2334 Damascena,
1410 2258 1517 2323 siti
1607 2259 1907 2341 impensis
1982 2259 2237 2324 abbatis
2314 2258 2602 2340 Georgii,
2671 2259 2947 2341 episcopi

514 2363 916 2440 Tadmureni,
961 2364 1289 2447 proprium
1332 2364 1568 2428 factum
1601 2386 1735 2429 esse
1751 2365 1823 2451 4).
1920 2365 2105 2428 Anno
2154 2366 2281 2429 932
2317 2364 2586 2446 denique
2631 2364 2737 2429 hic
2782 2364 2942 2428 liber

514 2470 598 2535 ab
674 2469 904 2534 abbate
982 2469 1159 2534 Mose
1217 2468 1520 2535 Nisibeno
1578 2469 2002 2536 bibliothecae
2060 2470 2427 2534 monasterii
2492 2469 2737 2534 Mariae
2796 2469 2944 2533 Dei-

514 2596 711 2659 parae
754 2575 1038 2641 adiectus
1084 2581 1195 2640 est.
1304 2576 1691 2641 Coenobium
1748 2577 2019 2660 primum
2067 2575 2258 2640 Naffa
2304 2596 2692 2659 quamquam
2737 2576 2944 2641 adhuc

514 2688 830 2765 repertum
894 2702 1020 2747 non
1088 2688 1200 2758 est,
1267 2704 1345 2747 ex
1412 2682 1538 2746 situ
1606 2681 1867 2746 secundi
1933 2704 2137 2764 nuper
2204 2704 2243 2746 a
2310 2682 2445 2747 viro
2514 2681 2674 2746 bene
2719 2682 2941 2746 merito

515 2789 626 2851 Dr.
675 2788 901 2852 Moritz
945 2788 1028 2853 ab
1077 2788 1369 2852 orientali
1416 2787 1598 2853 Nebk
1655 2787 1833 2851 urbis
1880 2789 2079 2854 latere
2127 2788 2398 2863 visitati,
2459 2787 2669 2852 notius
2714 2785 2819 2864 fit3
2876 2787 2941 2850 in

514 2893 926 2959 adnotatione
970 2893 1264 2971 secunda,
1325 2892 1403 2957 de
1447 2894 1624 2958 cuius
1671 2893 1926 2976 quidem
1971 2900 2253 2977 tempore
2296 2893 2389 2957 nil
2435 2899 2700 2969 constat,
2744 2894 2940 2957 abbas

517 2999 830 3081 Georgius
884 2999 1093 3064 nescio
1153 3021 1235 3063 an
1280 3019 1508 3063 nomen
1554 3005 1801 3064 tantum
1850 2999 2127 3083 episcopi
2173 2998 2470 3075 Tadmur,
2534 3020 2659 3062 non
2716 3020 2941 3063 munus

514 3105 831 3170 habuerit.
922 3105 1016 3169 De
1061 3105 1306 3169 ambitu
1351 3104 1703 3169 dioeceseos
1735 3103 2013 3169 Tadmur
2044 3125 2121 3168 ex
2151 3105 2251 3169 his
2283 3104 2490 3169 verbis
2521 3105 2940 3169 coniecturam

514 3233 643 3276 non
689 3210 936 3276 faciam.
1044 3210 1390 3276 Adnotatio
1435 3211 1627 3277 tertia
1686 3210 1769 3275 ad
1815 3211 2057 3275 clarum
2102 3211 2471 3276 coenobium
2515 3210 2704 3275 Natfa
2750 3232 2940 3294 prope

515 3306 918 3383 Za‘faranum
962 3316 1032 3381 in
1076 3316 1331 3398 regione
1378 3316 1675 3394 Maridin,
1720 3317 2041 3381 addictum
2088 3318 2405 3401 Deiparae
2451 3323 2513 3382 et
2557 3316 2699 3380 Mar
2743 3316 2939 3381 Theo-

516 3423 691 3500 doro,
736 3430 996 3507 spectat,
1042 3422 1213 3506 quod
1257 3422 1513 3506 copiosa
1558 3422 1945 3488 bibliotheca
1990 3423 2326 3505 gaudebat.
2345 3422 2400 3508 5)

699 3677 737 3747 1)
773 3677 1045 3730 Lacunam
1080 3676 1256 3729 verbis
1290 3675 1515 3731 Malalae
1552 3675 1786 3745 suppleo.

696 3765 739 3833 2)
776 3765 1018 3834 Wright:
1080 3763 1364 3834 Catalogue
1401 3765 1457 3818 of
1492 3764 1585 3817 the
1622 3764 1821 3833 Syriae.
1859 3781 2123 3818 manuscr.
2160 3763 2491 3818 DLXXXV.

694 3854 735 3923 ³)
773 3853 1081 3906 Secundum
1118 3853 1339 3906 Caussin
1376 3854 1440 3906 de
1475 3852 1758 3907 Perceval:
1810 3853 1997 3921 Essay.
2036 3869 2129 3906 sur
2162 3851 2323 3905 l’hist.
2360 3852 2431 3905 H.
2472 3853 2591 3907 245.

694 3942 737 4010 4)
773 3941 951 3995 Verba
984 3942 1191 3995 mendis
1228 3945 1444 4011 scatent,
1480 3942 1648 3996 Nafta
1682 3958 1775 4009 pro
1810 3941 1970 3995 Natfa
2005 3940 2170 3994 semel
2205 3941 2461 4009 scriptum
2498 3942 2594 4008 est,
2631 3941 2782 4010 prius
2807 3941 2939 3995 Tud-

515 4048 631 4085 mar
664 4047 757 4100 pro
793 4029 1049 4098 Tadmur,
1104 4030 1206 4083 nisi
1252 4031 1385 4084 forte
1429 4031 1536 4085 iam
1584 4033 1702 4083 tum
1753 4030 1853 4084 hoc
1897 4045 2089 4083 nomen
2138 4029 2378 4097 populari
2412 4029 2665 4083 locutioni
2712 4030 2941 4083 Tudmur

516 4119 917 4174 accomodatum
954 4121 1050 4172 est.

692 4207 735 4277 ⁵)
772 4206 965 4261 Crebra
997 4207 1160 4263 huius
1197 4207 1429 4262 coenobii
1477 4205 1537 4260 fit
1571 4207 1768 4260 mentio
1785 4246 1799 4274 ‚
1858 4206 1998 4274 quod
2035 4222 2170 4260 anno
2209 4207 2311 4260 793
2348 4205 2413 4259 ab
2450 4206 2693 4273 episcopo
2742 4205 2939 4259 Anania

516 4293 1187 4367 Maridinostonsecratum
1224 4312 1317 4364 per
1352 4295 1523 4349 multa
1558 4295 1773 4349 saecula
1807 4294 2040 4348 florebat.
2115 4295 2178 4348 cf.
2218 4294 2459 4363 Wright:
2525 4292 2809 4362 Catalogue
2844 4292 2934 4361 XI,
