3250 4684
1641 196 1728 257 40

659 401 850 487 Nihja
881 441 964 449 ——
991 403 1049 467 el
1062 393 1283 468 -‘A.r.
1303 404 1462 482 sain,
1509 407 1595 470 20
1639 406 1768 470 mil.
1846 405 1936 471 Ut
1978 407 2045 469 in
2076 405 2483 470 adnotatione
2512 404 2697 470 modo
2740 404 2894 470 data

485 510 921 593 exposuimus,
989 509 1141 575 urbs
1215 510 1661 595 el-Qarjatain
1736 511 1908 576 haud
1982 512 2248 576 multum
2305 534 2345 576 a
2400 511 2592 597 Nihja
2657 511 2895 576 distare

483 615 752 696 videtur,
845 615 1012 682 unde
1085 615 1168 682 ad
1243 618 1603 702 opinionem
1692 618 1998 701 impellor,
2090 617 2357 682 fortasse
2428 638 2653 682 nomen
2731 618 2893 682 illud

478 722 774 788 mendose
833 724 1135 807 scriptum
1193 745 1326 789 esse
1381 744 1497 808 pro
1558 725 1617 789 el
1634 702 2042 809 -Qarjatain3
2107 725 2358 790 litterae
2420 745 2670 808 quoque
2733 724 2893 789 tales

479 836 645 906 sunt,
690 850 867 912 quae,
913 830 966 893 si
1004 835 1241 914 puncta
1285 830 1614 897 diacritica
1659 830 1905 909 desunt,
1948 832 2131 896 facile
2171 831 2652 925 confundantur.

658 953 943 1037 Denique
972 954 1164 1019 verba
1194 954 1232 1019 J
1236 957 1390 1038 aqut
1414 953 1465 1044 1)
1496 955 1933 1038 respiciantur,
1990 953 2437 1039 el-Qarjatain
2480 955 2620 1020 viae
2664 954 2893 1020 deserti

479 1058 676 1145 (barile
707 1058 1087 1145 el-barrijja)
1118 1060 1425 1137 adiacere,
1471 1082 1633 1144 quae
1674 1062 1861 1126 nulla
1891 1063 2020 1126 alia
2050 1063 2173 1127 nisi
2204 1058 2518 1146 illa'apud
2550 1060 2891 1138 Qudamam

480 1166 795 1249 descripta
852 1187 984 1231 esse
1043 1173 1265 1249 potest.
1364 1168 1589 1232 Eidem
1647 1169 1942 1257 scriptori
1999 1168 2037 1233 J
2042 1167 2196 1234 akut
2255 1189 2517 1252 parvam
2562 1168 2897 1233 stationem

482 1272 901 1357 el-Djulaidjil
933 1272 1250 1350 debemus,
1285 1275 1477 1357 paulo
1508 1275 1681 1339 ultra
1712 1274 2132 1359 el-Qarjatain
2164 1275 2369 1352 sitam,
2412 1295 2572 1358 quae
2602 1277 2642 1338 2
2676 1273 2897 1339 diebus

479 1401 520 1443 a
552 1380 859 1443 Damasco
890 1379 1142 1458 aberat;
1175 1378 1341 1444 idem
1372 1387 1581 1445 autem
1612 1382 2016 1446 intervallum
2047 1381 2294 1464 saepius
2325 1382 2491 1446 inter
2519 1383 2898 1446 Damascum

482 1491 544 1550 et
588 1486 689 1565 el-
706 1485 1035 1570 Qarjatain
1079 1485 1270 1551 fuisse
1314 1485 1600 1552 refertur.

657 1591 781 1656 El·
799 1591 1129 1677 Qarjatain
1161 1591 1248 1679 (ἲ)
1281 1631 1363 1640 -—
1398 1593 1661 1678 Djarud,
1716 1597 1800 1659 36
1848 1595 1980 1659 mil.
2067 1595 2185 1659 Est
2243 1592 2461 1659 eadem
2520 1594 2670 1659 urbs
2738 1613 2901 1712 quae

483 1697 736 1764 Geroda
802 1699 1125 1764 Itinerarii
1196 1699 1631 1777 Antoniniani,
1702 1700 1889 1767 hodie
1949 1701 2138 1766 etiam
2208 1698 2457 1777 florenS,
2518 1721 2728 1783 quam,
2790 1698 2901 1782 11111

484 1804 541 1869 61
559 1804 932 1889 -Qarjatain
976 1806 1155 1889 petit,
1201 1805 1404 1871 vitare
1445 1826 1573 1871 non
1623 1813 1848 1890 potest.

659 1910 814 1976 Inde
856 1910 940 1976 ad
979 1912 1354 1977 Damascum
1401 1913 1504 1978 via
1540 1916 1626 1979 30
1657 1915 1903 1978 milium
1948 1919 2100 1979 erat.
2170 1913 2341 1979 Haec
2372 1912 2475 1978 via
2520 1917 2605 1977 48
2649 1912 2903 1977 11111111116

481 2017 730 2083 brevior
787 2039 976 2101 quam
1026 2028 1118 2095 e'a,
1173 2040 1335 2102 quae
1379 2018 1572 2083 Hims
1616 2020 1989 2104 attingebat,
2034 2020 2351 2086 desertum
2379 2019 2463 2084 ad
2497 2019 2730 2083 lineam
2774 2016 2903 2083 fere

485 2130 787 2207 persecat.
880 2125 1087 2189 Parva
1131 2124 1336 2191 lineae
1383 2126 1793 2192 inclinatione
1834 2126 2112 2192 Tadmur
2162 2126 2448 2210 quamvis
2494 2126 2727 2207 attingi
2756 2146 2901 2209 pos-

486 2237 598 2307 set,
651 2237 862 2295 tamen
930 2236 1304 2295 mercatores
1371 2253 1508 2297 eam
1582 2233 1781 2298 visere
1837 2232 2244 2310 omittebant,
2338 2254 2466 2316 qua
2537 2253 2614 2297 ex
2685 2253 2755 2296 re
2787 2228 2901 2313 *de

490 2337 834 2420 exiguitate
876 2336 1055 2402 urbis·
1100 2336 1392 2403 concludi
1429 2344 1661 2428 potest.

662 2442 792 2508 Nec
833 2449 1044 2508 tamen
1087 2443 1367 2509 Tadmur
1410 2466 1523 2510 sua
1565 2445 1671 2510 via
1714 2445 1988 2521 carebat,
2046 2467 2208 2528 quae
2266 2444 2518 2528 quidem
2563 2465 2701 2509 cum
2746 2443 2903 2508 urbe

488 2550 717 2634 Raqqa
747 2556 810 2616 et
840 2551 1296 2635 Mesopotamia
1327 2551 1583 2618 minime
1627 2551 2019 2617 cohaerebat.
2096 2550 2364 2616 Cursum
2410 2550 2576 2615 enim
2607 2549 2903 2633 Euphra-

489 2655 572 2721 tis
619 2677 780 2738 quae
825 2657 928 2722 via
985 2658 1385 2740 sequebatur,
1452 2679 1526 2723 ea
1586 2659 1912 2735 nonnulla,
1971 2665 2043 2723 ut
2096 2658 2188 2723 ita
2244 2657 2466 2733 dicam,
2523 2657 2905 2722 deverticula

489 2761 833 2841 emittebat,
865 2761 941 2828 de
973 2763 1201 2846 quibus
1221 2763 1600 2847 Muqaddasi
1632 2764 1699 2828 in
1732 2764 2151 2847 descriptione
2182 2763 2410 2828 deserti
2430 2762 2688 2829 Arabici
2710 2763 2904 2827 verba

490 2868 660 2934 facit.
685 2868 737 2954 2)
827 2869 1171 2953 Postquam
1229 2891 1445 2935 novem
1507 2870 1663 2948 viaS,
1723 2893 1763 2935 a
1821 2870 2246 2953 septentrione
2300 2869 2627 2933 meridiem
2688 2890 2905 2934 versus

492 2974 807 3052 ducentes,
853 2998 1015 3059 quae
1045 2976 1380 3061 praecipue
1410 2975 1709 3042 Mekkam
1741 2977 2187 3060 Medinamque
2215 2974 2531 3060 petebant,
2578 2996 2904 3040 enumera-

493 3081 602 3159 vit,
647 3088 774 3147 tres
829 3082 990 3148 alias
1036 3088 1444 3161 transversas,
1485 3105 1649 3167 quae
1693 3073 1976 3148 el-‘Irak
2021 3089 2083 3148 et
2126 3083 2372 3168 Syriam
2428 3082 2905 3164 coniungebant,

494 3187 716 3253 adfert.
804 3187 1050 3253 Harum
1092 3189 1318 3272 prima,
1362 3211 1525 3273 quae
1552 3212 1592 3255 a
1623 3189 1794 3256 Kufa
1836 3179 2126 3254 ‘Amman
2155 3210 2370 3254 versus
2402 3188 2685 3266 ducebat,
2731 3194 2905 3255 recta

497 3453 585 3506 via
631 3451 827 3519 Syriae.
903 3452 1105 3506 Citatur
1141 3454 1382 3522 quidam:
1443 3454 1536 3518 „In
1588 3453 1773 3507 itinere
1821 3454 2081 3523 Damasci,
2136 3454 2271 3507 inter
2322 3470 2378 3507 er
2392 3453 2679 3507 -Rusafam
2732 3454 2785 3506 61
2820 3452 2870 3505 61
2883 3482 2906 3493 -

498 3539 778 3609 Qariatain,
814 3541 1002 3594 urbem
1048 3542 1173 3611 vidi,
1210 3544 1410 3610 puteOS,
1448 3558 1599 3610 agros
1644 3541 1813 3596 cultos
1861 3544 2217 3611 cisternasque
2257 3542 2553 3610 habentem,
2590 3542 2819 3595 fontibus
2856 3542 2910 3594 et

496 3629 625 3682 rivis
659 3646 764 3683 non
799 3631 1052 3699 utentem,
1091 3631 1178 3683 cui
1211 3646 1402 3684 nomen
1438 3632 1519 3684 est
1553 3630 1767 3699 Nihja“.
1820 3662 1887 3668 —
1924 3632 1970 3684 A
2006 3630 2313 3685 Mutanabbi
2349 3630 2526 3699 Nihja.
2543 3633 2734 3699 puteus
2771 3630 2909 3682 inter

499 3716 548 3770 el
562 3711 753 3770 -‘Awir
800 3720 853 3772 et
890 3718 974 3772 61-
988 3718 1154 3773 Baida
1188 3719 1416 3773 Tadmur
1466 3735 1656 3773 versus
1690 3721 2024 3774 memoratur.
2116 3714 2283 3773 ‘Awir
2334 3721 2525 3787 puteus
2581 3720 2705 3787 quia
2756 3719 2907 3772 nobis

500 3806 817 3875 profectione
853 3807 914 3861 Ο.
950 3807 1008 3861 F.
1046 3824 1151 3862 von
1185 3807 1418 3876 Richter,
1471 3824 1632 3876 quam
1678 3810 1743 3863 ab
1781 3806 1938 3862 Hims
1974 3808 2203 3863 Tadmur
2236 3824 2423 3862 versus
2458 3809 2703 3876 instituit,
2750 3809 2907 3861 notus

503 3898 585 3949 est
620 3895 744 3965 (1¹l2
782 3896 916 3950 dieb.
954 3897 1019 3950 ab
1055 3895 1233 3965 Hims)
1267 3896 1533 3965 probabile
1568 3899 1664 3966 est,
1700 3883 1915 3966 Nihjam
1951 3896 2277 3966 aliquantum
2315 3897 2381 3950 ad
2427 3897 2676 3951 orientem
2723 3912 2909 3950 versus

506 3985 661 4039 sitam
698 3986 752 4037 et
785 3984 957 4038 medio
991 3985 1100 4037 fere
1135 3984 1192 4036 in
1227 3985 1393 4053 spatio
1430 3986 1705 4040 ambarum
1729 3986 1940 4038 urbium
1966 3984 2124 4038 Hims
2150 3988 2204 4039 et
2225 3986 2455 4040 Tadmur
2490 3985 2715 4040 inveniri
2739 4000 2908 4053 posse.

501 4075 586 4128 Ad
618 4075 763 4128 hunc
797 4072 976 4126 locum
1011 4072 1094 4126 el·
1108 4071 1372 4141 Qarjatain
1406 4090 1566 4142 prope
1602 4090 1718 4127 esse
1753 4090 1906 4147 nemo
1940 4090 2045 4127 non
2080 4074 2240 4127 videt.

681 4164 721 4231 1)
759 4162 867 4215 Sub
904 4160 1283 4229 el-Qarjatain.

680 4251 721 4321 2)
756 4249 1005 4319 Muqadd.
1042 4265 1092 4317 p.
1130 4249 1388 4305 249—52.
