3250 4684
1511 248 1590 309 19

500 451 762 517 Khalifa
794 454 1184 518 occasionem
1223 461 1361 520 tum
1405 476 1471 520 se
1516 461 1771 519 nactum
1813 476 1947 519 esse
1990 461 2189 532 ratuS,
2234 462 2307 521 ut
2350 455 2759 540 ed-Dahhaq

321 558 724 641 opprimeret,
784 558 1103 644 Qarqisija
1161 581 1227 624 se
1303 561 1430 624 iam
1503 561 1801 638 contulit,
1887 583 2028 625 cum
2092 567 2353 646 repente
2433 563 2756 629 Sulaiman

320 665 525 742 illum,
571 665 846 731 Rusafae
890 666 1201 743 relictum,
1262 667 1591 732 universae
1640 667 1860 751 Syriae
1904 669 2405 736 coniurationem
2450 667 2757 735 conflasse

320 792 709 855 regnumque
771 772 891 836 sibi
952 772 1303 837 vindicasse
1347 773 1734 838 nuntiatum
1795 780 1906 838 est.
2023 775 2146 841 Sed
2208 776 2479 842 secundo
2552 776 2758 841 Marte

322 876 710 942 ferocissime
770 878 854 943 ad
915 878 1240 964 Khusaf1)
1300 879 1543 963 proelio
1605 880 1887 945 Marwan
1959 882 2285 964 pugnavit,
2356 882 2468 947 ubi
2523 885 2760 961 30‚000

320 983 601 1047 hostium
662 984 1039 1049 interierunt
1058 985 1127 1069 2).
1236 986 1568 1051 Aemulum
1629 993 1966 1070 postquam
2035 1009 2238 1072 usque
2301 989 2370 1052 in
2436 990 2757 1072 regionem

322 1087 519 1152 Hims
566 1096 628 1154 et
672 1090 846 1155 ultra
890 1099 1253 1173 persecutus
1318 1100 1430 1168 est,
1488 1090 1592 1157 hic
1637 1092 1942 1175 fugitivus
1989 1094 2221 1160 iterum
2262 1094 2543 1163 Tadmur
2586 1102 2762 1179 pete-

322 1195 436 1259 bat
505 1196 722 1278 ibique
782 1197 1184 1280 aliquantum
1243 1199 1544 1281 temporis
1599 1199 1882 1264 moratus
1963 1221 2154 1283 porro
2210 1200 2292 1264 ad
2354 1198 2761 1266 ed-Dahhak
2847 1194 2856 1203 ’

326 1322 392 1365 se
437 1302 723 1366 contulit.
789 1302 975 1367 Hunc
1006 1304 1292 1378 relatum,
1327 1325 1711 1386 quamquam
1746 1305 1916 1388 apud
1950 1294 2273 1371 el-²Athir
2305 1307 2470 1372 alius
2502 1308 2682 1373 testis
2706 1307 2760 1393 3)

324 1428 463 1472 eum
511 1409 729 1473 statim
775 1410 843 1472 in
888 1409 1154 1474 Persida
1196 1411 1543 1491 fugientem
1587 1409 1758 1488 facit,
1806 1411 1998 1477 etiam
2029 1412 2444 1496 Theophanes
2490 1420 2761 1479 testatur

325 1520 388 1578 et
433 1514 573 1577 iure
619 1513 774 1580 haec
819 1516 987 1579 anno
1043 1518 1167 1579 128
1213 1516 1528 1580 attribuit.

505 1619 690 1686 Certe
735 1643 900 1686 nova
943 1620 1225 1686 khalifae
1270 1620 1532 1688 offensio
1577 1622 1787 1687 inulta
1833 1644 1960 1687 non
1991 1624 2345 1702 mansisset,
2390 1631 2454 1689 et
2485 1624 2763 1689 Tadmur
2875 1712 2879 1715 Ι

324 1727 489 1790 iram
535 1726 774 1790 domini
819 1728 1098 1793 lacessiti
1145 1728 1423 1809 graviter
1469 1737 1729 1811 experta
1776 1736 1956 1807 esset,
2012 1729 2137 1794 nisi
2201 1729 2305 1794 hic
2350 1753 2421 1796 eo
2481 1738 2762 1814 tempore

325 1832 532 1915 primo
580 1833 833 1915 quidem
878 1834 1284 1900 rebellionem
1331 1832 1740 1899 ed-Dahhak
1785 1836 2186 1918 exstinguere
2229 1845 2484 1902 coactus
2503 1887 2518 1914 ,
2563 1838 2757 1921 paulo

324 1946 470 2020 post
514 1938 596 2004 ab
642 1939 1020 2004 exercitibus
1049 1928 1542 2005 ‘Abbasidarum
1585 1940 1666 2005 de
1712 1940 2038 2006 Chorasan
2096 1943 2758 2028 appropinquantibus

325 2046 667 2130 propulsus
710 2066 827 2129 pro
871 2047 1002 2110 vita
1047 2046 1260 2129 potius
1303 2068 1491 2130 quam
1551 2068 1670 2131 pro
1733 2048 2000 2131 imperio
2058 2048 2361 2115 dimicare
2418 2050 2758 2116 debuisset.

505 2169 718 2234 Novae
762 2168 1113 2253 dynastiae,
1159 2191 1199 2234 a
1231 2191 1359 2253 qua
1405 2170 1647 2253 ubique
1691 2172 2011 2236 restitutio
2057 2172 2315 2256 pristini
2360 2173 2605 2239 ordinis
2650 2197 2758 2240 ex-

327 2275 750 2359 spectabatur,
797 2276 894 2339 vel
940 2277 1009 2339 in
1044 2276 1228 2360 Syria
1260 2282 1601 2341 sectatores
1641 2297 1768 2342 non
1816 2277 2079 2342 deerant
2122 2285 2186 2344 et
2226 2279 2469 2362 proelio
2515 2280 2597 2345 ad
2629 2280 2755 2346 Zab

325 2379 561 2445 flumen
607 2382 938 2446 commisso
982 2382 1207 2466 populi
1253 2383 1405 2447 laeti
1465 2381 1703 2465 ubique
1759 2384 2030 2448 colorem
2091 2384 2270 2449 illum
2329 2385 2618 2468 nigrum,
2689 2387 2758 2452 id

327 2495 424 2552 est
487 2476 1016 2565 ‘Abbasidarum,
1092 2487 1396 2553 ferebant.
1521 2488 1672 2553 Mox
1747 2496 1957 2554 autem
2035 2489 2299 2568 scelera,
2374 2493 2604 2575 quibus
2662 2516 2759 2560 es-

327 2592 540 2662 Saffah
584 2594 839 2659 initium
885 2594 1135 2677 imperii
1178 2595 1653 2672 contaminavit,
1701 2594 1981 2660 Marwan
2038 2595 2322 2664 khalifae
2376 2599 2759 2666 miserabilis

327 2701 660 2766 insectatio
736 2699 1139 2784 familiaeque
1211 2688 1524 2785 'Umajjae
1569 2701 1963 2785 exstirpatio,
2033 2703 2168 2768 'alia
2184 2752 2200 2780 ‚
2269 2704 2480 2787 qualis
2538 2712 2759 2790 tyran-

327 2829 448 2871 nus
510 2795 775 2889 regnum
836 2813 1111 2884 teneret,
1186 2806 1621 2873 ostendebant.
1716 2806 1929 2884 Quare
1990 2808 2176 2893 Syria
2234 2810 2759 2894 Mesopotamiae-

329 2934 450 2996 que
493 2935 643 2996 pars
688 2913 944 2977 ultimos
988 2913 1269 2978 familiae
1326 2934 1537 2978 ramos
1598 2913 1792 2979 etiam
1851 2913 1934 2979 ad
1991 2913 2365 2998 dignitatem
2421 2917 2760 3000 pristinam

327 3020 572 3083 elevare
629 3019 1028 3085 conabantur
1044 3068 1061 3096 ,
1127 3025 1323 3102 atque
1383 3018 1663 3084 Tadmur
1733 3021 2205 3102 paratissimam
2265 3044 2330 3089 se
2391 3022 2474 3088 ad
2545 3023 2761 3090 defen—

328 3125 566 3190 dendos
637 3146 742 3189 eos
760 3174 776 3202 ‚
852 3126 920 3189 in
977 3147 1137 3208 quos
1195 3126 1390 3208 paulo
1463 3133 1612 3192 ante
1669 3126 1990 3191 hostiliter
2054 3134 2301 3210 egerat,
2372 3130 2684 3213 praebuit.
2703 3131 2761 3216 4)

282 3294 295 3310 „
326 3231 527 3296 Immo
573 3252 719 3296 vero
766 3231 1108 3308 Sulaiman,
1155 3230 1334 3296 urbis
1379 3233 1638 3308 amicuS,
1684 3233 1851 3297 inter
1895 3240 2148 3299 necatos
2193 3235 2338 3300 illos
2370 3241 2525 3300 erat.
2593 3223 2761 3301 'Abu

328 3336 737 3402 Muhammad
765 3337 981 3421 igitur,
1012 3336 1184 3402 filius
1214 3327 1653 3415 ‘Abd-Allah,
1700 3337 1818 3402 filii
1848 3337 2052 3415 Jazid,
2096 3347 2434 3423 postquam
2467 3328 2761 3406 'Abu-l-

326 3443 545 3520 Ward,
588 3465 753 3508 unus
797 3466 875 3509 ex
921 3443 1140 3508 amicis
1184 3442 1645 3527 praefectisque
1689 3444 1999 3522 Marwan,
2044 3467 2206 3511 novo
2266 3445 2548 3512 khalifae
2592 3469 2760 3513 anno

334 3552 459 3613 132
505 3548 878 3633 obsequium
937 3549 1344 3623 renuntiavit,
1390 3571 1425 3613 e
1467 3549 1749 3615 Tadmur
1804 3550 1979 3628 urbe,
2033 3551 2295 3617 latebris
2354 3553 2506 3630 suiS,
2567 3554 2762 3618 exivit
2847 3598 2850 3603 -

329 3655 545 3720 multis
591 3655 822 3720 civium
867 3655 1147 3721 Tadmur
1193 3662 1256 3721 et
1299 3653 1495 3719 Hims
1540 3655 1796 3720 urbium
1839 3657 2098 3723 milibus
2146 3659 2573 3742 sequentibus.
2651 3660 2764 3724 In-

326 3766 498 3826 terea
525 3750 696 3827 cAbd
713 3750 982 3838 -'Auah,
1026 3759 1197 3826 filius
1228 3750 1381 3839 ‘Ali‚
1430 3763 1779 3828 avunculus
1810 3762 2117 3851 khalifae,
2147 3765 2491 3832 rebellione
2519 3764 2761 3847 Habib,

512 4027 551 4094 ¹)
586 4027 651 4080 In
687 4026 901 4095 planitie
936 4027 1073 4080 inter
1110 4026 1282 4082 Halab
1319 4029 1373 4080 et
1394 4026 1554 4095 Bafis,
1592 4027 1777 4082 eodem
1812 4028 2024 4081 nomine
2060 4029 2335 4098 appellata.

509 4114 551 4184 2)
587 4114 892 4169 Secundum
927 4116 1297 4183 Theophanem
1335 4116 1418 4184 60,
1422 4116 1526 4169 ΟΟΟ
1561 4116 1663 4185 (ed
1703 4116 1766 4168 de
1802 4116 1942 4170 Boor
1976 4115 2028 4170 S.
2066 4117 2208 4181 422).

511 4204 552 4271 ·)
588 4203 653 4256 In
688 4203 794 4256 fine
831 4203 1032 4272 capitis,

508 4291 671 4361 4)-el
672 4285 872 4345 Athir.
911 4292 948 4344 t.
988 4291 1052 4345 V.
1091 4292 1191 4345 sub
1228 4307 1364 4346 anno
1405 4292 1523 4346 132.

2356 4384 2448 4448 2*
