3250 4684
1679 255 1761 316 14

483 460 824 526 Arabicam
881 460 947 524 in
1004 459 1162 524 urbe
1220 462 1615 544 superiorem
1663 465 1916 538 faceret,
1979 482 2051 525 eo
2108 460 2575 544 comprobatur,
2632 462 2802 544 quod
2859 483 2962 524 ex

485 588 559 631 eo
605 573 885 650 tempore
929 567 1106 632 nulla
1151 568 1248 632 vel
1297 566 1808 632 Christianorum
1854 568 1951 631 vel
1998 567 2296 651 Syrorum
2341 565 2415 631 fit
2458 569 2711 632 mentio.

662 671 986 749 Quomodo
1061 679 1315 756 postero
1390 680 1673 756 tempore
1744 675 1822 739 de
1881 674 2344 758 propagatione
2401 673 2618 738 Islami
2678 694 2955 738 sensum

486 799 805 862 quamque
846 779 1135 863 placidus
1182 780 1309 844 dux
1377 780 1803 845 ferocissimus
1861 780 2102 845 Khalid
2169 779 2454 862 depictus
2513 780 2626 857 sit,
2686 801 2762 844 ex
2807 781 2955 845 hoc

485 885 692 969 capite
736 885 887 950 libri
933 885 992 950 el
1007 885 1297 969 -Waqidi
1327 887 1376 972 l)
1421 886 1731 969 adscripti
1780 886 2055 969 intelligi
2101 891 2339 969 potest:

661 990 1031 1068 „Traditum
1064 990 1219 1054 mihi
1260 998 1356 1056 est
1387 991 1627 1057 Khalid
1659 1013 1880 1075 pacem
1926 993 2145 1056 fecisse
2187 1014 2329 1056 cum
2361 990 2603 1055 civibus
2649 978 2945 1077 'Arakae

484 1097 562 1161 de
607 1099 783 1162 2000
828 1096 1135 1162 dirhamis
1193 1099 1510 1180 argenteis
1557 1105 1620 1162 et
1671 1100 1842 1162 1000
1889 1098 2199 1174 denariis3
2260 1118 2385 1180 quo
2450 1095 2618 1162 facto
2679 1092 2941 1162 litteras

484 1204 799 1286 pactionis
871 1203 959 1267 eis
1028 1203 1298 1287 scripsit.
1404 1203 1534 1267 Nec
1603 1204 1681 1268 de
1745 1205 1881 1269 loco
1951 1204 2271 1280 discessit,
2342 1203 2539 1267 donec
2595 1202 2784 1267 urbes
2832 1225 2940 1267 es-

485 1309 751 1375 Sukhna
773 1310 825 1394 ²)
872 1316 932 1373 et
980 1308 1257 1374 Tadmur
1278 1311 1331 1393 3)
1377 1316 1600 1392 pactae
1646 1316 1811 1374 sunt.
1902 1310 2195 1375 Perlatus
2254 1318 2464 1374 autem
2513 1316 2609 1374 est
2663 1310 2936 1374 nuntius

485 1415 727 1480 civibus
804 1415 1252 1491 TadmureniS,
1330 1416 1559 1498 quibus
1628 1416 1934 1498 patricius
2020 1415 2389 1480 el-Karkar
2474 1416 2852 1502 (Gregorius
2871 1415 2936 1501 Ρ)

486 1528 811 1605 praeerat;
860 1522 971 1604 qui
997 1517 1258 1586 'civibus
1303 1523 1758 1604 congregatis:x
1803 1521 2222 1597 „Nuntiatum
2275 1522 2434 1586 mihi
2487 1529 2651 1600 est“,
2696 1522 2934 1605 inquit,

485 1629 682 1704 „istos
715 1629 957 1693 Arabes
1009 1614 1313 1692 'Arakam
1345 1634 1408 1691 et
1452 1626 1904 1694 es-Sukhnam
1947 1648 2026 1691 ex
2056 1635 2367 1693 conventu
2398 1635 2653 1710 cepisse.
2744 1626 2934 1704 Quod

485 1733 569 1798 ad
614 1754 719 1799 eos
765 1735 1012 1811 attinet,
1057 1734 1331 1816 populus
1364 1739 1578 1798 noster
1622 1734 1826 1798 multa
1865 1733 1944 1798 de
1988 1755 2203 1799 eorum
2247 1734 2634 1816 integritate,
2679 1734 2932 1798 iustitia

484 1839 894 1922 bonitateque
952 1861 1196 1904 morum
1243 1846 1467 1905 narrat
1511 1840 1812 1923 nulloque
1854 1840 2042 1905 modo
2101 1861 2206 1905 eos
2263 1838 2775 1923 depravationem
2821 1861 2931 1903 ex-

485 1953 716 2029 petere.
824 1944 943 2010 Est
999 1945 1255 2028 quidem
1314 1946 1499 2011 nobis
1562 1968 1681 2010 arx
1738 1946 1830 2011 ita
1886 1946 2224 2023 inaccessa,
2291 1954 2365 2011 ut
2422 1967 2604 2011 nemo
2661 1947 2731 2010 in
2789 1967 2929 2010 eam

486 2051 642 2116 eniti
672 2051 874 2133 possit
892 2077 909 2129 3
954 2051 1065 2116 sed
1097 2051 1175 2115 de
1204 2051 1435 2134 palmis
1468 2053 1703 2117 nostris
1735 2060 1799 2117 et
1829 2052 2148 2135 segetibus
2191 2053 2687 2135 pertimescimus
2714 2101 2887 2115 .....
2892 2059 2927 2087 “

489 2156 626 2233 Qua
680 2157 968 2222 oratione
1029 2157 1229 2240 gavisi
1289 2158 1453 2222 cives
1521 2159 1828 2241 pabulum
1897 2157 2368 2241 hospitiumque
2434 2158 2922 2242 praeparabant.

491 2264 577 2327 Et
618 2262 857 2328 factum
904 2271 1015 2339 est,
1060 2263 1170 2328 ubi
1212 2262 1454 2327 Khalid
1498 2263 1774 2340 advenit,
1819 2269 1894 2327 ut
1937 2264 2121 2354 donis
2169 2286 2309 2328 eum
2364 2264 2645 2341 adirent3
2694 2263 2922 2346 quibus

490 2369 765 2452 acceptis
810 2369 921 2434 ille
982 2390 1121 2433 cum
1168 2368 1410 2433 civibus
1458 2370 1537 2433 de
1581 2371 1713 2435 300
1758 2370 1962 2435 unciis
1985 2369 2040 2455 4)
2087 2370 2227 2434 auri
2275 2377 2337 2434 et
2394 2370 2644 2452 argenti
2701 2375 2920 2452 pactus

490 2475 740 2541 litteras
814 2474 1083 2540 foederis
1152 2475 1422 2558 scripsit.
1547 2475 1798 2559 Emptis
1869 2476 2125 2541 cibariis
2201 2474 2583 2560 pabulisque
2656 2482 2791 2540 tum
2855 2475 2920 2538 in

491 2586 730 2646 terram
775 2579 1048 2646 Hauran
1093 2580 1272 2646 abiit.
1726 2664 1735 2673 ⁸

666 2686 1107 2752 Rebellionum
1177 2686 1441 2752 istarum
1460 2736 1476 2764 ‚
1553 2708 1717 2769 quae
1760 2687 1986 2770 primis
2054 2687 2269 2751 Islami
2336 2686 2727 2770 temporibus
2794 2693 2919 2751 tam

492 2793 709 2858 crebro
771 2793 1296 2869 exardescebant,
1355 2793 1633 2857 Tadmur
1694 2793 1937 2857 nullam
1995 2799 2243 2876 partem
2299 2794 2586 2876 attigisse
2642 2793 2919 2869 videtur3

491 2899 718 2964 relatio
777 2903 1026 2964 tantum
1073 2898 1269 2964 dubia
1287 2898 1343 2983 5)
1388 2898 1545 2963 haec
1587 2897 1806 2963 refert:
1884 2898 2039 2963 Post
2084 2899 2380 2964 Damasci
2433 2900 2915 2983 occupationem,

490 3025 532 3068 a
575 3003 618 3069 J
619 3004 764 3069 azid
809 3004 1081 3089 Dihjam,
1132 3003 1218 3070 fil.
1264 3003 1590 3082 Khalifae‚
1637 3005 1843 3069 virum
1888 3005 1966 3068 de
2009 3005 2211 3082 Kalb,
2277 3027 2420 3070 cum
2465 3005 2787 3088 equitibus
2841 3004 2918 3067 ad

493 3110 771 3175 Tadmur
835 3111 1131 3174 emissum
1200 3108 1421 3175 foedus
1480 3111 1586 3176 hic
1656 3132 1777 3193 par
1830 3111 2220 3175 Damasceno
2293 3113 2695 3176 constituisse
2763 3111 2917 3194 (scil.

492 3223 566 3280 ut
631 3216 797 3281 cives
864 3215 1198 3280 dimidium
1266 3217 1573 3299 pecuniae
1648 3217 2183 3301 supellectilisque
2251 3216 2564 3282 Muslimis
2633 3216 2919 3280 cederent

489 3322 925 3406 tributumque
991 3322 1220 3405 capitis
1276 3322 1673 3408 penderent).
1772 3321 1917 3388 Non
1964 3324 2269 3408 scriptum
2335 3329 2457 3400 est,
2519 3321 2916 3386 rebellionem

673 3586 711 3657 ¹)
748 3586 856 3640 The
893 3587 1152 3654 conquest
1197 3586 1253 3640 of
1285 3585 1440 3654 Syria
1486 3585 1789 3657 commonly
1841 3586 2116 3640 adscribed
2161 3587 2216 3639 to
2252 3584 2321 3638 Al
2337 3614 2360 3624 —
2377 3582 2598 3638 Wakidi
2645 3586 2817 3639 edited
2850 3588 2914 3655 by

492 3674 706 3729 Nassau
739 3675 861 3743 Lee,
903 3674 1157 3729 Calcutta.
1198 3675 1240 3728 Ι.
1279 3675 1363 3727 44.

671 3764 712 3832 2)
749 3763 822 3817 Es
837 3793 859 3804 -
874 3763 1122 3818 Sukhnae
1149 3763 1201 3832 (J
1204 3764 1284 3833 fiq.
1312 3762 1549 3832 Sukhna)
1586 3779 1779 3816 nomen
1821 3762 1912 3816 illo
1948 3764 2183 3830 tempore
2221 3761 2361 3830 apud
2397 3761 2675 3830 scriptores
2700 3763 2913 3816 authen-

491 3852 626 3906 ticos
661 3868 768 3905 non
802 3852 997 3920 inveni,
1035 3854 1242 3921 postero
1279 3853 1458 3906 autem
1495 3854 1728 3921 tempore
1766 3851 1963 3905 crebro.
2037 3849 2150 3904 Sita
2184 3850 2296 3903 erat
2329 3849 2383 3902 in
2421 3850 2643 3905 confinio
2682 3849 2836 3904 'Arak
2869 3852 2916 3902 et

490 3932 629 3994 ‘Urd
682 3939 895 3993 urbium
962 3940 1015 4008 (J
1016 3940 1127 4008 δῷς
1191 3956 1506 4009 magnopere
1562 3940 1677 3993 eius
1731 3940 1900 3993 fontes
1957 3937 2113 3992 calidi
2168 3940 2222 3991 ct
2275 3938 2492 3993 balneae
2537 3940 2912 4008 praedicantur.

492 4028 704 4083 Incolae
740 4045 843 4082 sec.
880 4029 914 4082 J
916 4029 1043 4096 aqut
1077 4028 1298 4096 ArabeS,
1335 4044 1437 4082 sec.
1474 4028 1576 4082 Ibn
1609 4029 1802 4082 Batfita
1837 4043 2030 4096 magna
2065 4042 2133 4079 ex
2169 4030 2316 4096 parte
2354 4027 2637 4082 Christiani
2674 4030 2835 4081 erant.

674 4118 715 4187 ⁸)
751 4117 961 4175 Nomen
995 4116 1228 4171 Tadmur
1262 4115 1545 4170 delendum
1581 4133 1786 4171 censeo.

616 4192 622 4199 ⁹
670 4206 713 4275 ⁴)
750 4204 909 4258 Libra
943 4204 1162 4273 Syriaca
1212 4232 1263 4248 =
1304 4205 1370 4257 12
1406 4206 1593 4259 unciae
1631 4202 1970 4273 (Muqaddasi
2014 4205 2150 4274 182).

671 4294 714 4363 ⁶)
752 4299 804 4346 et
818 4291 1034 4347 -Tabari
1071 4293 1142 4346 H.
1185 4293 1300 4348 168.
1339 4292 1435 4363 (nil
1470 4294 1611 4361 apud
1649 4293 1885 4362 el-Bcl.)
