3250 4684
1532 257 1614 317 23

533 464 707 527 Haec
754 465 1058 540 excursio,
1105 464 1284 528 cuius
1330 466 1703 530 relationem
1747 472 1937 547 poeta
1983 484 2060 528 ex
2106 486 2214 529 ore
2243 463 2547 548 praefecti
2592 463 2797 546 ipsius

339 570 706 646 audiverat,
767 572 1075 654 optimum
1136 571 1534 637 itinerarium
1583 572 1764 636 nobis
1812 571 2093 654 praebet,
2139 571 2309 654 quod
2374 570 2451 634 de
2496 570 2799 635 interiore

342 675 575 760 Syriae
607 675 850 741 deserto
896 677 1308 760 possidemus,
1341 699 1467 742 non
1507 699 1633 761 quo
1666 677 1794 743 alia
1827 684 1888 742 et
1923 676 2178 760 quidem
2210 683 2507 742 accurata
2538 697 2798 760 prorsus

346 803 484 846 non
541 789 809 860 exstent,
855 783 964 847 sed
1011 784 1164 867 quia
1209 784 1324 848 illa
1369 785 1503 848 vias
1550 784 1667 848 has
1714 784 2151 848 inusitatiores
2189 783 2406 847 minus
2452 782 2799 866 respiciunt

353 887 946 972 frequentioresque
991 890 1372 955 describunt.

533 997 718 1060 Anno
795 999 941 1072 970,
1003 997 1112 1061 ubi
1180 997 1457 1080 primum
1520 997 1710 1062 Nasir
1771 996 2110 1073 ed-Daula,
2190 995 2481 1061 dominus
2542 994 2797 1071 Mausil,

350 1123 395 1164 a
440 1100 591 1166 filiis
637 1102 902 1184 imperio
960 1104 1246 1185 privatus
1308 1115 1404 1168 est
1448 1110 1511 1169 et
1555 1111 1897 1187 perpetuae
1955 1103 2121 1168 inter
2186 1102 2331 1166 illos
2392 1102 2571 1166 rixae
2633 1101 2796 1165 orie-

350 1207 612 1285 bantur,
658 1229 772 1292 per
814 1209 1059 1292 aliquid
1106 1209 1407 1293 temporis
1440 1210 1754 1274 desertum
1789 1210 1957 1274 circa
1990 1208 2269 1273 Tadmur
2313 1214 2537 1291 patens
2586 1207 2796 1272 fortis-

354 1312 516 1378 simo
592 1335 826 1391 eorum,
917 1314 1236 1391 Hamdan,
1312 1317 1622 1398 refugium
1700 1322 1855 1393 erat,
1930 1315 2079 1379 dum
2156 1315 2398 1398 impetu
2465 1314 2795 1397 repentino

351 1420 627 1503 pristina
660 1443 775 1485 sua
805 1422 1215 1505 possessione,
1248 1422 1628 1499 er-Rahaba,
1662 1423 1820 1487 urbe
1851 1423 1934 1487 ad
1966 1420 2356 1505 Euphratem
2380 1420 2523 1497 sita,
2554 1420 2795 1503 potitus

353 1527 556 1611 est31)
608 1527 793 1590 viam-
820 1528 1281 1611 frequentatam
1323 1529 1489 1594 inter
1534 1528 1962 1594 er-Rahabam
2011 1538 2073 1593 et
2102 1527 2380 1592 Tadmur
2412 1527 2683 1603 duxisse,
2725 1526 2794 1589 in

355 1633 566 1715 capite
612 1639 839 1715 quarto
888 1634 1344 1716 explicabimus
1389 1636 1476 1721 (p.
1531 1635 1661 1719 75).

534 1738 728 1803 Bellis
785 1738 1172 1804 Francorum
1239 1740 1349 1807 ad.
1394 1741 1791 1833 liberandam
1868 1761 2111 1804 sacram
2175 1746 2414 1803 terram
2483 1739 2788 1821 susceptis

356 1843 638 1908 Tadmur
693 1865 809 1910 nec
853 1852 1024 1911 tacta
1082 1868 1195 1911 nec
1240 1846 1502 1912 turbata
1560 1854 1692 1925 est3
1752 1868 1932 1911 nemo
1979 1847 2369 1911 Francorum
2416 1867 2529 1928 per
2588 1845 2791 1909 latum

356 1950 690 2027 desertum,
740 1951 909 2034 quod
955 1951 1175 2016 urbem
1220 1952 1498 2017 Tadmur
1559 1954 1731 2017 omni
1777 1973 1853 2016 ex
1911 1953 2110 2017 latere
2154 1950 2372 2028 ambit,
2416 1952 2788 2035 penetravit,

355 2077 431 2120 ea
475 2056 873 2139 potissimum
931 2079 1154 2135 causa,
1226 2060 1379 2141 quia
1436 2080 1763 2142 nunquam
1821 2064 1935 2122 aut
2005 2058 2352 2122 Damascus
2412 2062 2525 2121 aut
2568 2055 2789 2121 Halab

355 2163 423 2226 in
469 2162 723 2226 illorum
771 2185 995 2228 manus
1027 2170 1300 2230 venerat.
1372 2165 1528 2229 Inde
1559 2165 1751 2229 etiam
1784 2163 2185 2247 intelligitur,
2223 2185 2421 2247 quare
2452 2162 2788 2246 scriptores

355 2268 771 2333 occidentales
849 2292 1174 2354 nunquam
1243 2257 1395 2336 eius,
1443 2272 1825 2336 mentionem
1880 2269 2139 2346 faciant,
2217 2270 2341 2335 nisi
2405 2268 2567 2335 forte
2642 2269 2788 2353 quis

355 2535 751 2603 cosmographie
789 2535 992 2603 orient.)
1070 2528 1235 2601 „‘Urd
1281 2536 1407 2589 urbs
1452 2551 1646 2605 magna
1690 2536 1747 2593 in
1792 2536 2027 2604 margine
2078 2535 2319 2589 deserti.“
2396 2535 2442 2589 A
2490 2535 2789 2588 recentibus

354 2621 647 2676 viatoribus
684 2639 789 2676 non
826 2624 932 2677 iam
967 2625 1176 2691 reperta
1211 2625 1306 2677 est.

534 2711 614 2763 De
653 2711 961 2765 er-Rusafa
998 2713 1100 2780 (ap.
1138 2711 1503 2766 Ptolemaeum
1544 2707 1798 2781 Ρησάφα,
1834 2711 1958 2765 Tab.
1997 2711 2147 2764 Peut.
2186 2710 2395 2779 Risape,
2430 2711 2595 2765 Notit.
2632 2710 2787 2780 Dign.

355 2816 400 2852 c.
437 2798 676 2852 XXXII.
714 2799 984 2868 Rosapha,
1034 2802 1208 2854 castra
1244 2801 1485 2869 equitum
1520 2801 1878 2868 promotorum
1914 2800 2305 2870 indigenorum)
2339 2818 2368 2853 e
2404 2799 2587 2853 multis
2601 2840 2614 2867 ,
2654 2816 2789 2868 quae

354 2887 582 2955 exempl.
634 2904 709 2957 gr.
760 2890 902 2955 apud
947 2889 980 2941 J
982 2889 1107 2941 aksit
1152 2891 1461 2956 narrantur,
1517 2905 1688 2957 pauca
1732 2889 2045 2942 adferemus
2119 2888 2265 2942 Inter
2318 2889 2514 2942 multas
2552 2889 2789 2941 eiusdem

352 2976 581 3029 nominis
617 2978 775 3029 urbes
809 2976 901 3030 illa
938 2978 1245 3046 cognomine
1283 2964 1416 3031 esh'-
1432 2970 1613 3031 Sha‘m
1661 2978 1755 3030 aut
1790 2975 1874 3029 01-
1893 2976 2210 3045 HishamijJ'a
2246 2978 2602 3047 distinguitur.
2678 2976 2790 3030 Sita

354 3066 466 3117 erat
511 3065 566 3116 111
615 3066 850 3134 margine
888 3065 1107 3133 deserti,
1159 3066 1195 3117 4
1231 3082 1399 3134 paras
1439 3083 1470 3119 a
1505 3066 1691 3134 Raqqa
1741 3065 1871 3118 urbe
1921 3065 2140 3131 distans·
2169 3069 2223 3119 et
2270 3066 2480 3134 quidem
2532 3066 2599 3119 ad
2649 3066 2785 3119 occi-

354 3155 564 3207 dentem
601 3169 804 3207 versus
879 3153 1182 3207 Secundum
1218 3154 1368 3224 vulgi
1405 3155 1701 3223 opinionem
1738 3154 1803 3207 ab
1839 3153 2062 3207 Hisham
2103 3153 2329 3222 Khalifa,
2368 3153 2474 3207 filio
2513 3147 2683 3207 ’Abd-
2699 3154 2786 3206 01-

351 3242 514 3296 Malik
528 3283 541 3309 ,
596 3242 896 3309 pestilentia
931 3242 1134 3311 Syriam
1173 3244 1384 3311 urente,
1440 3244 1653 3311 propter
1688 3244 1851 3296 situm
1888 3241 2295 3296 saluberrimum
2333 3242 2541 3295 condita
2578 3258 2787 3311 quaque

353 3332 549 3385 aestate
587 3331 652 3384 ab
690 3331 874 3384 codem
898 3331 1190 3384 inhabitata
1214 3333 1308 3384 est.
1382 3331 1504 3385 Non
1540 3334 1719 3385 autem
1744 3331 1905 3400 Jaqfit
1937 3331 2158 3400 ignorat,
2196 3331 2303 3384 iam
2328 3323 2577 3397 Nu‘man,
2616 3330 2785 3383 filium

354 3419 562 3486 Harith,
598 3418 670 3471 fil.
710 3419 759 3471 el
771 3412 1022 3487 -’Aiham,
1062 3436 1152 3472 er-
1166 3419 1397 3473 Rusafae
1435 3420 1688 3473 cisternas
1717 3421 2055 3473 restaurasse.
2109 3418 2456 3487 Spectabatur
2488 3419 2561 3471 ibi
2598 3419 2786 3473 castel-

351 3508 466 3560 lum
501 3508 763 3575 lapidibus
800 3509 1134 3561 exstructum
1160 3495 1515 3577 ‚conspicuum
1552 3510 1606 3561 et
1639 3507 1858 3561 basilica
1893 3524 2100 3577 magna,
2138 3508 2349 3561 musivo
2386 3507 2657 3575 splendide
2694 3508 2786 3560 de-

353 3598 555 3663 corata,
612 3597 764 3649 cuius
832 3597 1068 3650 conditor
1123 3597 1495 3650 Constantinus
1550 3597 1715 3649 fuisse
1764 3596 2048 3650 dicebatur.
2143 3596 2300 3649 Unde
2354 3596 2555 3649 auctori
2608 3598 2786 3650 nostro

353 3683 540 3753 elucet,
568 3685 791 3739 Hisham
815 3684 948 3738 nihil
972 3685 1075 3737 nisi
1100 3685 1421 3738 renovatoris
1446 3701 1638 3738 nomen
1674 3686 1945 3738 meruisse.
1997 3684 2268 3738 Nonnulla
2289 3685 2430 3737 idem
2456 3684 2521 3737 de
2546 3684 2786 3738 cisternis

352 3773 513 3841 addit,
578 3789 711 3842 quae
772 3773 892 3842 plus
957 3774 1059 3827 120
1097 3773 1275 3827 cubita
1333 3774 1545 3841 quidem
1606 3773 1897 3842 profundae
1945 3775 2124 3827 tamen
2170 3773 2364 3827 malam
2413 3772 2539 3827 salsi
2587 3774 2787 3842 saporis

355 3878 548 3929 aquam
599 3863 806 3915 dabant.
887 3861 1163 3915 Interdum
1219 3863 1417 3915 aestate
1476 3862 1688 3915 omnino
1741 3861 1861 3915 illas
1916 3863 2208 3916 exsiccatas
2263 3878 2393 3915 esse.
2469 3862 2519 3915 el
2533 3855 2785 3916 -'Asma‘i

350 3966 527 4018 parem
567 3950 713 4003 illam
751 3967 812 4004 ac
850 3950 1018 4003 Zama
1071 3950 1159 4018 (ad
1194 3950 1516 4018 Euphratem
1554 3951 1590 4002 4
1626 3951 1738 4003 dies
1776 3966 1808 4003 a
1842 3950 2077 4021 Rahaba)
2115 3934 2354 4018 volebat,
2412 3952 2505 4004 sed
2554 3951 2785 4020 graviter

352 4040 548 4106 peccat.
642 4039 813 4092 Etiam
872 4040 972 4092 hoc
1029 4039 1279 4107 oppidum
1334 4039 1427 4093 Dr.
1480 4039 1670 4092 Moritz
1727 4040 1783 4091 in
1842 4040 2027 4092 itinere
2082 4056 2202 4093 ann.
2262 4039 2489 4106 1884s85
2546 4039 2783 4093 confecto

304 4156 323 4163 ,.
350 4128 711 4194 perscrutatus
748 4129 828 4180 est
863 4130 916 4180 et
952 4128 1080 4180 satis
1118 4127 1248 4179 bene
1288 4130 1654 4181 conservatam
1688 4128 1907 4196 invenit,
1945 4129 2112 4181 muris
2144 4128 2443 4197 ingentibus
2470 4129 2524 4181 et
2547 4128 2782 4181 turribus

349 4231 448 4267 nec
482 4231 589 4269 non
625 4215 877 4282 ecclesiis,
914 4217 1148 4283 tempore
1184 4215 1601 4283 Byzantinorum
1637 4216 1940 4284 aedificafiS,
1977 4216 2305 4270 instructam.

534 4304 573 4371 ¹)
613 4296 883 4355 el-’Athir
917 4305 956 4356 t.
995 4302 1143 4356 Vm.
1184 4304 1283 4357 sub
1321 4320 1457 4357 anno
1495 4303 1614 4357 358.
