3250 4684
1463 263 1548 325 45

282 466 538 533 deserto
569 467 924 534 aedificavit
955 475 1016 535 et
1048 491 1262 536 omnes
1294 471 1481 536 urbes
1511 471 2108 556 promptuariorum,
2141 491 2300 554 quas
2333 470 2402 534 in
2425 469 2712 534 Hamath

283 573 593 639 condidit.
683 574 806 652 Qui
851 575 1024 641 locus
1067 576 1300 660 pendet
1343 599 1421 643 ex
1464 579 1665 643 altero
1710 577 1953 661 Regum
2005 577 2156 642 libri
2203 578 2235 641 I
2278 598 2412 660 cap.
2455 577 2548 641 IX
2589 577 2715 652 „Et

284 679 651 747 aedificavit
674 729 691 747 .
714 736 727 750 .
754 731 769 747 .
798 730 812 744 .
859 672 1116 748 Ba‘lath
1159 690 1222 748 et
1251 683 1517 750 Tham-r
1559 684 1628 749 in
1659 684 1903 750 deserto
1947 684 2016 749 in
2054 690 2283 760 terra“,
2308 682 2360 768 1)
2403 683 2514 748 ubi
2562 682 2713 760 Qeri

287 792 544 852 tantum
607 788 935 856 lectionem
992 788 1315 856 Thadmor
1368 790 1647 874 praebet.
1740 791 1815 855 In
1874 790 2157 857 versione
2201 790 2536 867 Aramaica
2581 789 2711 855 sive

289 892 618 977 Thargum
682 895 870 961 etiam
939 895 1077 962 loco
1136 896 1347 980 priore
1407 897 1728 962 Thadmor
1770 917 1996 963 nomen
2041 897 2376 962 invenitur.
2466 895 2716 961 Discre-

285 1001 515 1083 pantia
569 1000 848 1067 locorum
893 1001 1169 1087 Thamar
1225 1009 1290 1069 et
1331 1002 1651 1069 Thadmor
1705 1025 1847 1069 cum
1891 1025 1932 1069 a
1976 1003 2017 1068 J
2021 1003 2236 1069 udaeis
2281 1001 2537 1068 omnino
2583 1022 2710 1066 non

288 1106 571 1172 admissa
617 1109 718 1186 sit,
763 1108 962 1173 Rashi
1006 1110 1318 1193 interpres
1362 1110 1659 1188 rationeS,
1690 1110 1920 1193 quibus
1965 1109 2143 1176 varia
2190 1109 2375 1175 lectio
2421 1115 2563 1174 orta
2607 1109 2709 1185 sit,

289 1214 609 1280 subtiliter
674 1214 929 1298 profert.
1046 1216 1211 1297 Quia
1256 1216 1694 1294 Tharmudaei,
1760 1217 1989 1299 inquit,
2053 1216 2095 1281 J
2095 1215 2438 1282 udaeorum
2500 1216 2711 1281 hostes

290 1320 671 1386 adiuverunt
715 1322 1050 1407 animoque
1093 1343 1159 1387 se
1203 1323 1386 1406 quasi
1431 1329 1955 1408 permutaverunt
1994 1330 2059 1390 et
2087 1322 2170 1388 ad
2200 1323 2437 1387 malum
2470 1344 2537 1388 se
2566 1342 2714 1386 con-

291 1432 637 1504 verterunt,
682 1429 970 1512 quamvis
1010 1429 1106 1494 fas
1138 1436 1316 1506 esset,
1364 1451 1469 1495 eos
1500 1429 1702 1496 Israel
1733 1430 1973 1512 gratias
2016 1450 2202 1514 agere
2231 1449 2348 1512 pro
2378 1427 2716 1505 beneficiis,

286 1532 356 1596 in
381 1532 545 1599 libro
575 1533 819 1617 Regum
862 1534 1132 1601 secundo
1165 1536 1464 1613 Thamar,
1509 1535 1576 1601 id
1629 1541 1724 1601 est
1766 1535 2087 1601 conversio
2132 1536 2203 1621 (a
2230 1535 2445 1601 radice
2483 1534 2716 1620 iamar)

293 1639 599 1722 scriptum
660 1647 770 1707 est.
866 1642 1078 1708 Altero
1141 1649 1349 1709 autem
1415 1642 1553 1708 loco
1623 1642 1977 1709 Salomonis
2039 1642 2297 1725 eiusque
2360 1641 2711 1707 maiestatis

293 1766 485 1812 causa
528 1746 864 1825 Thadmor‚
914 1748 982 1813 id
1023 1755 1117 1815 est
1164 1749 1314 1815 urbs
1359 1748 1672 1814 honorata
1692 1749 1764 1826 ²),
1808 1749 2060 1831 legitur,
2102 1770 2243 1814 cum
2303 1746 2717 1813 honorificum

292 1853 429 1934 regi
468 1854 713 1936 potenti
760 1874 885 1920 non
928 1854 1168 1933 fuisset,
1215 1855 1436 1921 urbem
1477 1855 1888 1921 rebellantem
1934 1853 2314 1920 aedificasse.

467 1993 559 2060 Ut
601 1995 763 2061 alias
812 2017 1063 2082 quoque
1109 1996 1621 2064 narratiunculas
1653 1996 2004 2063 Salomonis
2049 2017 2382 2080 personam
2412 1994 2719 2078 perstrin-

296 2107 512 2182 gentes
534 2101 589 2186 3)
669 2102 833 2167 hanc
922 2101 1162 2168 Arabes
1228 2125 1268 2169 a
1335 2102 1376 2169 J
1377 2103 1594 2169 udaeis
1668 2108 2040 2188 receperunt
2131 2102 2487 2186 fabulisque
2573 2101 2719 2167 aliis

299 2209 842 2275 commiscuerunt.
964 2211 1263 2274 Kuranus
1331 2209 1557 2276 deinde
1622 2207 1857 2275 fabulis
1939 2209 2008 2273 in
2086 2209 2253 2273 suris
2334 2212 2418 2274 34
2506 2213 2570 2273 et
2635 2210 2718 2272 38

299 2314 654 2398 explanatis
697 2337 1028 2399 personam
1076 2315 1426 2383 Salomonis
1471 2316 1815 2401 mythicam
1873 2315 1966 2381 ita
2008 2314 2306 2393 reddidit,
2362 2319 2433 2381 ut
2496 2314 2719 2380 exinde

301 2421 580 2485 Muslimi
654 2443 781 2487 non
849 2422 1216 2488 dubitarent
1286 2429 1554 2507 praeter,
1605 2428 2011 2488 monumenta
2068 2421 2466 2486 Tadmurena
2526 2420 2716 2486 etiam

300 2526 534 2611 templa
577 2516 850 2593 Ba‘lbak
893 2535 956 2594 et
1001 2517 1276 2594 'Istakhr
1319 2528 1752 2617 (Persepolis),
1795 2549 2004 2595 arcem
2047 2528 2148 2594 el-
2163 2527 2358 2612 Qarja
2401 2528 2468 2592 in
2511 2526 2552 2593 J
2554 2529 2721 2594 ema-

300 2655 404 2699 ma
422 2638 479 2720 4)
538 2635 914 2720 pyramides,
959 2634 1189 2701 balnea
1252 2635 1632 2721 Tabarijjae,
1677 2655 1891 2700 omnes
1934 2636 2065 2702 fere
2104 2634 2511 2720 antiquitatis
2566 2633 2714 2698 reli-

300 2741 483 2824 quias
529 2741 818 2824 ingentes
864 2747 927 2807 et
971 2742 1337 2825 conspicuas
1380 2742 1465 2808 ad
1507 2763 1716 2825 regem
1761 2741 1941 2806 illum
1973 2741 2014 2806 J
2016 2742 2360 2807 udaeorum
2400 2747 2464 2807 et
2498 2740 2715 2824 genios

222 2836 227 2845 ’
299 2845 547 2925 referre,
590 2847 808 2931 itaque
842 2848 1244 2931 diligentiore
1288 2849 1366 2914 de
1395 2869 1612 2914 eorum
1644 2848 1887 2931 origine
1929 2847 2339 2932 inquisitione
2371 2847 2494 2912 levi
2525 2868 2718 2931 opera

301 2953 797 3037 supersederent.
2041 2957 2046 2962 ’

474 3096 928 3181 El-Dimishqi
973 3102 1183 3162 autem
1216 3095 1494 3162 Tadmur
1538 3096 1847 3179 originem
1890 3095 2141 3178 longius
2186 3102 2527 3179 promovet,
2577 3114 2719 3160 cum
2756 3128 2762 3133 ·

301 3209 547 3288 gentem
574 3192 701 3268 ‘Ad
743 3203 1038 3287 primitus
1082 3224 1220 3269 eam
1250 3202 1623 3287 possedisse,
1665 3202 2086 3267 monumentis
2117 3209 2327 3267 autem
2366 3200 2720 3268 Salomonis

305 3316 511 3376 aetate
569 3315 860 3375 ornatam
916 3331 1050 3376 esse
1106 3309 1328 3375 urbem
1384 3308 1638 3375 scribat.
1718 3308 1902 3375 xHaec
1959 3308 2194 3392 opinio,
2214 3307 2269 3394 5)
2314 3330 2454 3374 cum
2514 3308 2717 3374 altera

476 3611 516 3681 1)
553 3611 629 3666 Eo
664 3610 875 3665 facilius
911 3611 1069 3664 etiam
1102 3609 1292 3663 Judaei
1327 3609 1626 3678 posterioris
1661 3609 1911 3677 temporis
1954 3625 2048 3677 per
2082 3625 2310 3663 errorem
2345 3603 2555 3664 Ba‘lath
2593 3624 2716 3663 eum

304 3693 518 3755 Ba‘lbak
555 3698 882 3770 (Heliopolis)
921 3696 1306 3753 confundebant
1342 3698 1429 3768 (cf.
1466 3697 1743 3767 Benjamin
1778 3697 2119 3768 Tudelensis).

404 3816 409 3825 ·
477 3789 519 3858 εξ)
555 3789 822 3843 Derivatio
874 3788 1019 3842 haud
1074 3787 1453 3841 contemnenda
1505 3789 1600 3856 est,
1658 3803 1792 3855 quae
1847 3787 1953 3840 fere
2007 3787 2249 3856 congruit
2284 3803 2408 3840 cum
2443 3787 2548 3840 viri
2583 3786 2720 3840 cele-

301 3878 513 3931 berrimi
547 3876 758 3932 Sachau
794 3877 1050 3946 opinione,
1090 3876 1319 3931 Tadmur
1353 3876 1493 3929 idem
1530 3891 1647 3929 esse
1682 3891 1745 3929 ae
1779 3875 2058 3945 tedmurffi,
2093 3875 2149 3928 id
2184 3877 2266 3930 est
2298 3875 2630 3931 miraculum.

479 3967 521 4037 ⁸)
556 3965 847 4035 Praecipue
870 3966 978 4019 huc
1003 3966 1206 4035 spectat
1228 3963 1407 4020 fabula
1434 3965 1696 4033 potentiae
1719 3964 1777 4017 in
1800 3965 1978 4034 genios
2002 3964 2221 4035 eiusque
2245 3966 2404 4034 caput
2427 3962 2719 4019 Ashmedai

307 4055 416 4109 sive
452 4053 719 4109 Shamdon
755 4055 1072 4109 exercitatae
1109 4053 1195 4123 (cf.
1233 4054 1497 4123 'l'hargum
1533 4053 1600 4107 ad
1637 4052 1925 4123 Coheleth).

477 4144 520 4213 4)
556 4143 714 4213 Apud
748 4142 923 4211 Jaqfit.

475 4233 519 4300 5)
560 4232 660 4286 Vel
694 4231 794 4286 Ibn
829 4231 1077 4286 Khaldun
1114 4233 1237 4301 (sec.
1275 4223 1526 4300 Mas‘udi)
1563 4230 1745 4299 refert,
1795 4246 2019 4300 regnum
2052 4231 2191 4300 regis
2225 4224 2438 4284 ‘Aditici
2474 4230 2719 4286 Shaddad

304 4337 390 4389 per
425 4337 669 4389 magnam
704 4322 905 4389 partem
941 4320 1140 4389 Syriae,
1175 4319 1373 4389 Indiae,
1410 4319 1460 4372 el
1473 4313 1642 4389 -‘Iraq
1675 4319 2005 4388 pertinuisse,
2042 4320 2182 4388 quod
2217 4320 2346 4375 satis
2381 4319 2575 4375 falsum
2610 4323 2713 4376 est.
