3250 4684
1498 304 1581 364 27

295 509 578 575 urbium
625 509 969 575 distantiae
1026 510 1147 576 hae
1215 517 1391 576 sunt:
1460 534 1499 577 a
1566 513 1876 578 Damasco
1924 516 2007 577 59
2055 512 2249 587 milia,
2270 511 2320 596 1)
2388 533 2428 576 a
2491 509 2756 575 Rahaba

301 617 448 680 102
496 616 647 692 mil„
670 617 721 699 ²)
767 616 851 681 ab
894 614 1088 681 Hims
1133 623 1197 681 et
1240 617 1565 703 Salamijja
1611 620 1780 683 circa
1819 622 1857 683 3
1903 618 2055 695 dies,
2072 621 2124 704 3)
2168 618 2249 683 ab
2298 616 2514 682 Halab
2547 619 2586 679 5
2620 615 2754 682 dies

304 718 472 807 (sic)
493 723 548 807 4)
593 722 833 788 aberat.

499 864 683 942 Quod
729 865 958 949 Raqqa
1004 873 1066 931 et
1109 865 1386 931 Tadmur
1431 866 1549 930 sub
1594 866 1738 949 pari
1784 866 2019 931 circulo
2050 865 2402 932 meridiano
2448 865 2574 930 sita
2618 886 2752 930 esse

303 972 719 1049 videbantur,
764 973 1126 1054 geometrici
1154 961 1439 1037 Ma'mfin
1484 979 1794 1055 regnante
1840 995 2056 1038 earum
2101 972 2472 1037 distantiam
2518 970 2752 1036 emensi

305 1086 559 1142 rectum
605 1086 814 1143 terrae
845 1078 1151 1143 ambitum
1182 1080 1494 1144 invenisse
1526 1102 1592 1144 se
1621 1079 1957 1162 putabant.
1981 1078 2035 1163 5)
2087 1079 2298 1142 Etiam
2334 1075 2754 1142 differentiam

311 1185 477 1249 situs
524 1184 804 1249 Tadmur
850 1192 914 1250 et
959 1185 1242 1250 Wamiae
1287 1185 1368 1250 ad
1409 1185 1573 1250 idem
1620 1186 2018 1269 propositum
2063 1184 2389 1249 definitam
2436 1204 2569 1248 esse
2610 1171 2755 1247 'Ibn

312 1292 526 1356 Junus
572 1292 961 1376 memorat.⁶)

497 1432 762 1497 Plurimi
795 1432 1130 1515 scriptores
1154 1433 1376 1498 urbem
1400 1433 1829 1515 praefecturae
1852 1430 2043 1496 Hims
2066 1431 2392 1508 adiiciunt,
2417 1430 2751 1514 Dimashqi

317 1544 533 1603 autem
565 1538 1010 1603 Damascenae.
1090 1538 1282 1623 Hadji
1315 1537 1625 1615 Khalfa⁷)
1658 1547 1897 1617 narrat,
1931 1559 2044 1603 suo
2078 1546 2379 1621 tempore,
2424 1559 2568 1601 cum
2599 1537 2753 1602 olim

318 1643 402 1708 ad
448 1642 642 1707 Hims
687 1644 1110 1728 pertinuisset,
1155 1643 1435 1709 Tadmur
1479 1645 1810 1728 proprium
1854 1644 2155 1710 habuisse
2199 1642 2602 1727 praefectum.

406 1818 411 1822 ·
500 1803 715 1868 Etiam
760 1826 836 1868 ex
883 1803 1257 1887 geographis
1302 1803 1570 1885 gradum
1614 1805 1937 1887 potentiae
1982 1802 2162 1868 urbis
2208 1803 2276 1866 in
2309 1823 2510 1867 annos
2558 1801 2756 1868 demi-

319 1916 513 1974 nutae
555 1909 926 1975 concludere
966 1931 1330 1993 possumus,
1389 1910 1759 1977 vocabulum
1819 1909 1991 1993 apud
2050 1909 2460 1993 Muqaddasi,
2507 1908 2617 1992 qui
2686 1909 2752 1971 in

319 2015 594 2080 secundo
644 2015 907 2081 dimidio
954 2017 1166 2099 quarti
1212 2015 1398 2098 fugae
1456 2017 1695 2081 saeculi
1746 2016 1935 2092 vixit,
1996 2015 2298 2099 scriptum
2359 2013 2751 2092 el-Qasaba‚

319 2121 388 2184 id
435 2127 529 2186 est
574 2128 763 2206 caput
820 2122 1146 2199 territorii,
1203 2129 1642 2206 comparantes
1703 2143 1845 2187 cum
1915 2120 2145 2198 ,‚urbe“
2210 2121 2464 2186 serioris
2524 2120 2751 2186 aetatis

321 2229 699 2310 scriptorum
743 2227 1105 2314 (el-Bakri‚
1149 2230 1347 2312 Jaqfit
1388 2228 1532 2312 alii)
1577 2235 1641 2295 et
1685 2251 1921 2312 „parva
1967 2228 2161 2293 urbe“
2192 2215 2573 2303 'Abulfidae‚
2604 2248 2751 2291 auc-

321 2332 478 2398 toris
523 2334 710 2399 initio
758 2334 989 2399 saeculi
1036 2335 1241 2400 octavi
1285 2336 1473 2418 fugae
1516 2335 1865 2400 scribentis.
2385 2356 2396 2361 “

501 2493 682 2569 Quod
728 2493 810 2558 ad
858 2494 1139 2559 diversas
1183 2495 1361 2559 urbis
1416 2494 1868 2576 descriptiones
1914 2494 1996 2560 ab
2042 2493 2412 2558 auctoribus
2461 2492 2752 2557 Arabicis

322 2598 507 2662 datas
553 2599 802 2674 attinet,
850 2601 956 2664 vix
1001 2600 1267 2665 idoneae
1312 2606 1536 2676 essent,
1583 2599 1816 2683 quibus
1862 2620 1995 2676 noe,
2040 2600 2164 2664 nisi
2212 2606 2573 2664 nostrorum
2619 2600 2753 2663 via-

319 2711 530 2769 torum
576 2704 1053 2770 narrationibus
1085 2711 1421 2782 nteremur‚
1468 2706 1676 2770 lucide
1720 2707 1896 2771 urbis
1942 2706 2282 2788 imaginem
2325 2704 2563 2788 fingere
2605 2726 2752 2788 pos-

323 2830 549 2875 semus,
656 2811 848 2876 Pauci
912 2811 1077 2875 enim
1147 2812 1401 2876 illorum
1459 2833 1536 2875 ex
1594 2812 1857 2895 propria
1916 2812 2275 2894 cognitione
2334 2813 2755 2895 scripserunt3

331 2916 470 2999 ipse
515 2915 734 3000 Jaqfit‚
781 2917 1041 2982 natione
1085 2917 1298 3001 Syrus
1345 2918 1456 3000 qui
1502 2918 1756 3001 saepius
1799 2925 2008 2982 terrae
2051 2925 2292 2983 tractus
2338 2918 2760 3001 permigrave-

324 3027 448 3099 rat,
519 3022 596 3086 de
641 3022 922 3106 generali
968 3031 1384 3089 mercatorum
1431 3025 1535 3088 via
1580 3046 1707 3089 non
1755 3023 2021 3089 decessit
2064 3031 2127 3089 et
2172 3023 2312 3088 ideo
2356 3044 2433 3088 ex
2476 3024 2604 3089 alio
2659 3046 2757 3089 re-

321 3129 476 3204 latu,
547 3150 710 3211 quae
769 3129 847 3194 de
904 3128 1184 3193 Tadmur
1252 3130 1490 3207 scribit,
1559 3129 1791 3195 hausit.
1884 3129 2047 3195 Num
2098 3129 2476 3213 Muqaddasi
2535 3128 2755 3194 urbem

325 3234 722 3317 spectaverit,
768 3255 843 3298 ex
904 3235 1326 3318 descriptione
1384 3236 1786 3319 perspicuum
1831 3258 1958 3301 non
2017 3242 2143 3312 est3
2203 3243 2415 3301 tamen
2480 3235 2646 3319 quod
2692 3257 2757 3300 se

325 3347 526 3404 totum
570 3339 883 3405 desertum
938 3348 1039 3416 „et
1096 3341 1178 3405 ad
1235 3340 1465 3406 Jaman
1529 3348 1591 3406 et
1647 3342 1730 3406 ad
1787 3342 2057 3427 Syriam,
2112 3342 2195 3406 ad
2251 3341 2636 3407 occidentem
2692 3349 2755 3406 et

326 3446 630 3512 orientem
699 3454 949 3511 versus“
970 3449 1026 3531 8)
1094 3448 1511 3530 perlustrasse
1575 3448 1887 3524 affirmat,
1953 3448 2232 3513 Tadmur
2277 3471 2419 3514 eum
2474 3455 2758 3532 praeter-

398 3776 405 3787 ,
503 3733 542 3796 ¹)
579 3728 693 3781 Sec.
732 3721 1010 3781 el-‘Az‘izi
1048 3729 1188 3796 apud
1226 3721 1561 3782 ’Abulfidam

500 3818 542 3885 2)
580 3816 693 3870 Sec.
732 3809 1032 3869 el-‘Azizi.

505 3905 545 3974 ³)
584 3903 698 3957 Sec.
737 3898 1073 3957 'Abulfidfzm

501 3992 542 4060 ⁴)
579 3991 693 4045 Sec.
730 3992 908 4060 Jaqnt.
962 3993 1138 4062 Nunc,
1176 3995 1223 4048 si
1249 3995 1367 4063 quis
1392 3994 1492 4047 hoc
1519 3995 1619 4047 iter
1661 3996 1900 4064 suscipit,
1938 3998 2079 4049 certe
2116 3997 2150 4049 8
2195 3997 2306 4049 dies
2352 3998 2756 4049 consumuntur.

501 4081 543 4146 ⁵)
579 4074 811 4134 Mas‘fidi
849 4082 909 4134 A.
948 4083 990 4135 I.
1033 4083 1134 4136 190
1171 4084 1224 4135 et
1261 4079 1504 4135 ‘Abulfid.
1578 4082 1892 4137 Traduction
1933 4102 1980 4152 p.
2021 4084 2259 4137 Reinaud
2297 4084 2337 4136 Ι.
2380 4085 2499 4137 273.

499 4170 541 4232 6)
578 4169 778 4223 Eodem
821 4168 931 4223 loco
966 4171 1008 4223 I.
1050 4171 1167 4224 270.

506 4257 543 4325 ⁷)
582 4257 778 4325 Djihan
813 4257 993 4311 Numa
1028 4258 1118 4312 lat.
1158 4260 1290 4313 vert.
1365 4258 1646 4327 Norrberg,
1683 4259 1855 4312 Lund.
1898 4259 2049 4312 1818.
2089 4259 2159 4312 Π.
2201 4261 2318 4313 333.

501 4344 545 4412 ⁸)
580 4362 630 4413 p.
670 4345 789 4398 248.
