3250 4684
32 4196 43 4367 *ι-φνν

142 4326 151 4343 a

1499 268 1537 328 3

298 475 603 540 mercium
633 475 998 540 Indicarum
1043 497 1157 557 per
1205 496 1378 539 mare
1422 475 1828 539 advectarum
1872 473 2084 551 fiebat,
2128 479 2507 538 mercatores
2555 493 2739 555 prae-

301 581 485 645 sidiis
560 582 955 665 Palmyrenis
1026 579 1264 646 defensi
1339 588 1590 664 praeter
1679 580 2070 663 Euphratem
2158 577 2736 663 proficiscebantur.

303 690 361 751 A
403 708 530 769 qua
585 689 741 753 urbe
787 688 1104 753 desertum
1150 697 1212 752 et
1257 686 1535 752 Tadmur
1579 693 1881 770 peterent,
1941 686 2115 750 haud
2161 687 2253 750 ita
2297 686 2531 769 liquet3
2602 683 2740 748 Cir-

300 796 539 858 cesium
572 794 845 877 quidem,
894 794 1006 858 ubi
1038 794 1230 858 etiam
1262 795 1365 859 via
1398 814 1474 857 ex
1505 794 1798 858 interiori
1830 793 1987 857 Asia
2022 792 2257 858 ducens
2290 791 2741 876 excipiebatur,

299 900 461 965 bene
506 901 703 964 situm
750 906 905 976 erat,
956 899 1326 983 praesertim
1361 920 1501 963 cum
1550 899 1692 964 loca
1736 900 1867 963 sive
1909 899 2232 982 praesidia
2276 919 2316 961 a
2358 897 2741 981 geographis

301 1007 720 1090 Palmyrenae
781 1005 1040 1070 addicta
1093 1005 1353 1081 Resafa,
1416 1006 1608 1070 Oriza
1668 1005 1799 1070 alia
1857 1027 2054 1088 prope
2114 1011 2338 1070 essent.
2457 1003 2587 1068 Ubi
2657 1002 2740 1066 ad

302 1113 666 1197 Palmyram
722 1118 976 1176 ventum
1044 1118 1158 1189 est,
1216 1113 1357 1187 iter,
1431 1111 1601 1193 quod
1648 1111 1965 1194 reliquum
2022 1117 2177 1188 erat,
2242 1111 2449 1175 minus
2495 1109 2743 1193 pericu-

303 1217 508 1283 losum
567 1226 630 1284 et
674 1219 1012 1283 molestum
1070 1224 1223 1282 erat.
1331 1216 1488 1281 Inde
1546 1218 1612 1280 in
1676 1216 1836 1282 duas
1893 1223 2107 1300 partes
2153 1214 2738 1300 proficiscebantur,

254 1319 261 1323 ’
303 1330 419 1389 aut
462 1345 574 1407 per
607 1327 994 1407 Apamaeam
1027 1323 1429 1388 Antiochiam
1478 1324 1700 1408 (etiam
1732 1323 2035 1407 Tripolim
2069 1343 2182 1406 per
2215 1322 2507 1387 Emesam
2557 1341 2744 1405 saepe

303 1431 569 1513 petitam
617 1451 750 1495 esse
794 1430 1137 1495 verisimile
1182 1430 1325 1514 est),
1370 1437 1485 1495 aut
1529 1452 1642 1513 per
1687 1437 1933 1494 montes
1979 1427 2254 1493 Hauran
2300 1429 2487 1493 urbes
2520 1427 2744 1491 Palae-

308 1536 518 1600 stinae
564 1536 997 1618 capessebant.

483 1641 605 1706 Sed
650 1648 798 1724 post
842 1642 1375 1725 expugnationem
1434 1641 1791 1724 Palmyrae,
1849 1661 1994 1704 cum
2049 1647 2223 1706 terra
2267 1647 2519 1705 vastata
2564 1646 2745 1716 esset,

305 1747 505 1811 multa
535 1747 874 1831 praesidia,
922 1769 1086 1831 quae
1118 1748 1253 1812 vias
1285 1747 1622 1824 munirent,
1671 1746 1880 1811 deleta
1911 1746 2205 1822 iacerent,
2248 1747 2422 1829 putei
2455 1746 2747 1811 exhausti
2813 1732 2820 1743 ’

307 1859 532 1928 essent,
580 1854 887 1918 securitas
933 1854 1066 1929 illa,
1115 1875 1239 1936 qua
1268 1854 1629 1937 praeteritis
1664 1852 1953 1930 saeculis,
1985 1852 2134 1916 dum
2166 1852 2336 1917 bella
2366 1852 2743 1917 Parthorum

308 1964 373 2023 et
415 1958 749 2024 Persarum
794 1981 935 2024 cum
980 1959 1284 2023 Romanis
1331 1959 1583 2041 incepta
1633 1958 1878 2043 Syriam
1925 1958 2482 2042 septentrionalem
2528 1958 2751 2023 turba-

308 2063 482 2140 bant,
529 2071 905 2131 mercatores
950 2065 1017 2128 in
1060 2071 1232 2129 terra
1275 2065 1655 2149 Palmyrena
1702 2065 1801 2128 usi
1846 2072 2046 2141 erant,
2091 2063 2346 2130 omnino
2391 2063 2750 2129 desiderata

312 2176 425 2234 est.
513 2169 755 2254 Itaque,
800 2170 1176 2254 praesertim
1222 2170 1393 2253 quod
1439 2171 1634 2253 paulo
1666 2177 1812 2253 post
1855 2169 2124 2235 Romani
2157 2170 2447 2235 hostibus
2479 2170 2749 2254 repulsis

311 2276 560 2359 Syriam
619 2284 818 2342 totam
874 2275 1056 2340 firmo
1116 2277 1418 2342 tenebant
1484 2275 1820 2358 praesidio,
1880 2297 2063 2341 omne
2124 2276 2253 2340 fere
2312 2277 2752 2342 commercium

306 2381 410 2445 via
434 2403 741 2465 perquam
764 2382 1033 2465 antiqua
1056 2381 1244 2447 urbes
1269 2381 1793 2465 septentrionales
1821 2381 2040 2466 Syriae
2078 2382 2432 2464 attingente
2475 2380 2690 2448 fiebat.
2705 2382 2757 2468 1)

491 2486 649 2551 Cum
694 2487 861 2553 aliae
905 2508 1134 2552 causae
1183 2489 1420 2554 multae
1466 2488 1692 2552 coniici
1736 2488 2000 2571 possint,
2050 2509 2248 2571 quare
2279 2488 2578 2572 Palmyra
2618 2494 2750 2553 tam

307 2593 597 2658 celeriter
644 2594 816 2657 omni
862 2595 1150 2678 potentia
1191 2599 1449 2677 totoque
1479 2592 1638 2660 flore
1667 2593 1920 2677 privata
1950 2594 2052 2671 sit,
2096 2594 2251 2658 certi
2298 2594 2462 2658 nihil
2494 2601 2755 2678 propter

307 2699 818 2764 testimoniorum
864 2700 1187 2765 silentium
1232 2700 1503 2784 intelligi
1552 2707 1781 2784 potest.

490 2805 761 2871 Gravem
837 2806 1108 2888 quidem,
1195 2804 1304 2871 sed
1379 2807 1713 2871 obscuram
1800 2805 2231 2889 quaestionem
2319 2806 2748 2889 perstringere

309 2913 731 2976 necessarium
778 2919 890 2988 est,
938 2933 1066 2994 qua
1112 2912 1310 2993 stirpe
1355 2911 1532 2976 urbis
1576 2911 1825 2976 incolae
1871 2912 1995 2976 orti
2042 2912 2292 2979 fuerint.
2386 2911 2543 2976 Cum
2587 2912 2753 2977 inter

314 3018 534 3083 doctos
580 3017 955 3101 principalis
1002 3017 1211 3083 adhuc
1258 3017 1337 3081 lis
1369 3016 1722 3082 diiudicata
1768 3039 1896 3083 non
1929 3017 2030 3095 sit,
2074 3025 2288 3083 utrum
2317 3020 2577 3083 nomina
2606 3040 2755 3103 pro·
2795 3034 2810 3053 ¹

313 3124 459 3207 pria
502 3123 760 3206 linguae
805 3123 1117 3189 Arabicae
1159 3124 1372 3206 potius
1420 3146 1501 3189 an
1554 3125 1926 3189 Aramaicae
1971 3123 2324 3189 addicenda
2356 3125 2500 3202 sint,
2545 3146 2747 3208 pauca

311 3236 562 3294 tantum
609 3230 740 3295 alia
793 3229 1043 3294 addam.
1136 3230 1470 3314 Palmyrae
1531 3231 1743 3296 varias
1804 3237 2019 3313 gentes
2078 3232 2312 3295 mixtas
2367 3229 2578 3307 fuisse,
2634 3252 2751 3313 pro

316 3335 473 3399 urbe
518 3336 890 3399 commercio
940 3341 1128 3400 aucta
1175 3335 1360 3402 valde
1404 3336 1746 3400 verisimile
1788 3343 1899 3402 est.
1969 3337 2222 3420 Lingua
2267 3336 2753 3419 inscriptionum

314 3459 486 3502 mere
529 3461 728 3522 paene
793 3441 1129 3505 Aramaica
1189 3463 1315 3507 non
1376 3442 1469 3507 ita
1531 3442 1896 3525 praevalere
1953 3442 2282 3526 potuisset,
2337 3442 2460 3506 nisi
2531 3442 2752 3524 primis

317 3542 594 3608 civitatis
668 3546 855 3610 annis
902 3547 1151 3612 incolae
1226 3555 1410 3630 gente
1478 3549 1818 3613 Aramaica
1890 3548 2015 3614 orti
2082 3548 2304 3613 urbem
2379 3547 2749 3614 tenuissent.

316 3648 560 3714 Arabes
617 3657 845 3728 autem,
903 3673 1171 3735 quorum
1240 3655 1551 3736 generalis
1596 3676 1675 3719 ex
1717 3653 1959 3719 Arabia
2015 3654 2318 3720 interiore
2375 3653 2444 3717 in
2510 3653 2758 3739 Syriam

315 3759 648 3839 terrasque
707 3757 1069 3822 adiacentes
1114 3759 1447 3841 emigratio
1493 3761 1559 3824 in
1606 3759 1734 3824 fine
1775 3760 2031 3824 secundi
2076 3759 2313 3826 saeculi
2358 3758 2571 3838 fiebat,
2615 3782 2756 3825 cum

318 3854 481 3925 satis'
520 3862 631 3925 diu
676 3862 867 3926 vicini
922 3864 1440 3948 Palmyrenorum
1486 3865 1771 3944 fuissent,
1833 3874 2080 3931 mature
2136 3866 2238 3931 his
2270 3867 2577 3933 admistos
2622 3854 2755 3932 esse

316 3968 658 4033 verisimile
702 3975 814 4034 est.
909 3969 1262 4054 Scriptores
1309 3972 1586 4049 Arabici,
1632 3974 1687 4036 si
1734 3973 1816 4037 ad
1861 3972 2029 4038 hanc
2075 3974 2512 4057 quaestionem
2544 3973 2757 4037 decer-

315 4073 591 4138 nendam
635 4095 740 4139 eos
786 4074 1092 4143 adhibere
1138 4077 1303 4155 licet,
1351 4078 1604 4143 domum
1638 4077 1912 4145 Odenati
1960 4081 2219 4163 eiusque
2248 4080 2559 4164 populum
2592 4100 2769 4143 nun-

496 4305 537 4371 1)
576 4305 642 4358 cf.
680 4307 865 4375 capitis
902 4308 982 4360 IV
1019 4308 1247 4360 initium.

2353 4395 2439 4458 1*
