3250 4684
1644 224 1729 284 24

466 455 742 499 errorem
791 432 1108 510 Guilelmi,
1154 432 1431 517 episcopi
1476 433 1625 518 Tyri
1649 433 1732 519 ¹),
1778 433 2083 517 sequitur,
2151 455 2335 518 quem
2383 432 2636 497 Wilken
2658 434 2711 517 2)
2770 453 2896 496 non

465 538 805 624 perspexit.
884 538 1184 604 Saladino
1211 539 1377 605 enim
1409 546 1715 621 regnante
1745 561 1912 605 anno
1950 542 2119 604 1176
2150 545 2321 604 totus
2352 539 2534 622 regni
2566 538 2897 603 christiani

465 646 791 730 equitatus
837 667 951 730 per
995 667 1185 728 agros
1229 644 1522 711 Sidonios
1582 646 1966 728 praedatum
2029 644 2348 728 profectus
2406 651 2559 709 erat.
2652 644 2898 710 Montes

467 752 776 837 quosdam
836 751 1217 834 transgressi
1279 751 1390 816 ubi
1446 751 1515 816 in
1568 751 1793 816 vallem
1849 751 2106 829 ‚,Baka“
2160 758 2493 828 venerunt,
2552 751 2619 815 in
2678 751 2899 815 urbem

465 858 694 923 validis
754 858 951 922 muris
1022 858 1292 922 cinctam
1355 856 1663 934 incidunt,
1723 878 1886 940 quae
1942 859 2209 941 speciem
2278 858 2589 940 pristinae
2656 856 2900 939 magni-

467 963 709 1029 tudinis
779 984 933 1047 prae
1006 984 1071 1028 se
1116 962 1377 1028 ferebat.
1512 964 1675 1028 Tum
1719 963 2201 1040 ‚,Palmuream“
2263 984 2329 1027 se
2374 963 2686 1028 invenisse
2730 945 2901 1027 docti

468 1069 724 1153 quidem
768 1068 1102 1154 putabant,
1148 1091 1341 1152 quam
1385 1068 1607 1134 urbem
1651 1091 1728 1133 ex
1759 1069 2037 1153 Ulpiano
2079 1070 2268 1154 Tyrio
2314 1075 2637 1135 noverant.
2716 1068 2900 1145 Quod

466 1197 580 1241 nos
625 1175 899 1260 probare
944 1197 1072 1241 non
1115 1196 1470 1259 possumus,
1517 1176 1669 1259 quia
1707 1172 1871 1241 'situs
1918 1183 1979 1241 et
2024 1197 2269 1252 nomen,
2315 1197 2439 1259 quo
2486 1176 2597 1240 illo
2642 1181 2900 1240 auctore

464 1288 738 1347 testante
793 1281 1168 1347 recentiores
1228 1280 1515 1346 homines
1575 1280 1797 1346 urbem
1854 1282 2282 1365 appellabant,
2338 1282 2763 1364 ,‚Amegarra“
2830 1279 2900 1343 in

464 1387 687 1453 urbem
731 1377 1261 1472 ‘Ain-el-DJarr,
1320 1386 1527 1452 locum
1576 1386 1818 1452 clarum
1867 1395 1929 1452 et
1974 1388 2323 1453 secundum
2367 1375 2755 1452 'Abulfidam
2801 1387 2902 1449 in-

466 1494 761 1578 gentibus
817 1493 1152 1560 ruderibus
1212 1492 1618 1559 excellentem
1673 1492 2020 1577 (Chalkida
2066 1494 2503 1578 antiquorum)
2549 1493 2707 1558 bene
2751 1513 2900 1557 con-

465 1601 655 1665 venit.
747 1600 885 1664 Iam
939 1599 1006 1664 C.
1054 1600 1263 1664 Ritter
1307 1600 1426 1664 hoc
1470 1600 1866 1683 perquisivit,
1911 1607 2356 1683 praeterquam
2401 1599 2570 1682 quod
2613 1599 2899 1681 ambigit,

464 1713 679 1772 utrum
727 1705 953 1783 Qamid
997 1727 1081 1771 an
1123 1694 1642 1790 ‘Ain-el-Djarr
1687 1705 1895 1771 fuerit.
1921 1706 1975 1792 3)

643 1846 743 1911 Ex
788 1847 1002 1930 priore
1026 1846 1199 1930 apud
1231 1847 1289 1911 el
1303 1836 1547 1912 —’Athir
1571 1847 1881 1912 relatione
1909 1847 1998 1933 (p.
2029 1851 2146 1933 23)
2172 1847 2462 1913 concludi
2486 1853 2712 1930 potest,
2734 1844 2902 1910 Tad-
2975 1874 2980 1879 ⁴

467 1975 606 2018 mur
621 1952 707 2017 ad
730 1952 919 2018 urbes
937 1952 1401 2037 Euphratensis
1424 1953 1635 2036 potius
1660 1974 1851 2036 quam
1870 1954 2243 2019 Damasceni
2267 1952 2576 2018 territorii
2600 1958 2713 2017 aut
2734 1951 2900 2016 alius

471 2059 693 2144 Syriae
737 2058 916 2123 urbis
974 2079 1047 2123 eo
1093 2065 1374 2142 tempore
1418 2058 1731 2143 adjectam
1777 2082 1926 2125 esse.
2015 2059 2138 2136 Qui
2169 2081 2382 2124 rerum
2427 2065 2633 2123 status
2677 2057 2900 2122 finitus

467 2172 579 2242 est,
626 2187 766 2230 cum
810 2186 977 2230 anno
1024 2168 1155 2229 514
1198 2167 1434 2250 (1120)
1478 2152 1760 2230 ³·Atabak
1808 2165 2122 2248 Tugtekin
2172 2166 2599 2230 Damascenus
2632 2185 2710 2231 ex
2754 2185 2902 2229 con-

470 2278 651 2337 vento
697 2271 888 2336 urbes
934 2270 1214 2335 Tadmur
1261 2278 1324 2336 et
1369 2271 1716 2336 el—Shakif
1756 2271 2016 2355 accepit.
2043 2271 2097 2357 4)
2187 2271 2338 2336 Levi
2386 2278 2600 2336 autem
2651 2276 2900 2336 tantum

468 2399 755 2444 connexu
800 2378 1196 2442 coniunctam
1244 2377 1423 2442 illam
1468 2376 1664 2442 fuisse
1709 2397 1781 2442 eo
1812 2377 2267 2460 cognoscimus,
2314 2377 2486 2460 quod
2516 2376 2700 2441 initio
2748 2377 2900 2441 anni

464 2487 593 2548 529
657 2483 888 2570 (1135)
941 2483 1215 2549 aulicum
1274 2482 1629 2566 fugitivum,
1675 2482 1871 2559 Iusuf,
1928 2483 2129 2549 filium
2174 2484 2426 2560 Fairuz,
2496 2484 2697 2548 muris
2765 2484 2897 2547 suis

468 2590 731 2674 excepit,
763 2610 946 2674 quem
977 2588 1203 2655 Shams
1235 2588 1570 2666 el—Muluk,
1601 2589 1891 2654 dominus
1918 2590 2233 2668 Damasci,
2264 2596 2619 2673 suspectum
2640 2595 2901 2673 propter

468 2695 983 2762 consuetudinem
1039 2716 1179 2761 cum
1224 2701 1426 2760 matre
1471 2717 1588 2760 sua
1649 2696 1873 2760 initam
1919 2695 2012 2761 ita
2054 2695 2351 2773 habebat,
2412 2703 2484 2761 ut
2528 2695 2794 2760 insidias
2840 2694 2898 2758 ei

468 2823 700 2885 parare
758 2808 1110 2867 conaretur.
1207 2800 1330 2878 Qui
1386 2822 1528 2866 cum
1575 2802 1642 2865 in
1690 2801 1967 2866 Tadmur
2030 2801 2188 2868 urbe
2233 2823 2298 2866 se
2342 2802 2663 2877 munisset,
2722 2800 2899 2884 prin-

471 2930 619 2992 ceps
659 2908 996 2992 postquam
1039 2907 1107 2971 in
1152 2913 1418 2973 matrem
1451 2928 1632 2972 suam
1662 2907 1904 2989 ingenti
1935 2908 2036 2972 ira
2068 2908 2324 2984 exarsit,
2371 2907 2454 2972 ab
2484 2907 2605 2972 hac
2634 2907 2899 2973 muliere

472 3013 550 3079 de
596 3014 803 3098 capite
845 3012 1312 3097 pertimescenti
1357 3019 1616 3078 necatus
1663 3035 1798 3079 esse
1842 3012 2059 3078 fertur.
2078 3014 2134 3099 ⁵)

647 3136 838 3202 Haud
884 3137 1099 3219 exigui
1138 3116 1445 3202 ⁴momenti
1476 3137 1757 3223 Tadmur
1801 3143 1938 3203 tum
1981 3136 2173 3203 fuisse
2219 3137 2487 3214 videtur,
2532 3137 2702 3220 quod
2733 3157 2900 3202 anno

471 3248 597 3310 531
631 3242 867 3330 (1136)
912 3264 989 3307 ex
1019 3250 1206 3326 pacto
1238 3242 1335 3307 vel
1368 3242 1581 3320 ffims,
1626 3244 1783 3309 urbe
1813 3242 2278 3320 florentissima,
2322 3249 2682 3327 permutata
2713 3249 2824 3308 est.
2847 3242 2900 3328 6)

468 3350 634 3416 Nam
676 3371 822 3414 cum
865 3350 1154 3433 potentia
1194 3336 1720 3414 ‘Imad-ed-Din
1778 3349 1999 3427 Zanki,
2043 3350 2285 3416 domini
2342 3350 2595 3426 Mausil,
2656 3349 2722 3413 in
2769 3349 2902 3414 dies

472 3461 797 3532 cresceret,
845 3461 909 3519 et
952 3455 1080 3520 iam
1124 3455 1356 3533 Hama,
1398 3456 1551 3521 urbs
1596 3456 1681 3521 ad
1725 3455 2024 3521 Orontem
2086 3457 2230 3534 sita,
2284 3456 2342 3520 ei
2387 3455 2729 3531 oboediret,
2784 3455 2903 3520 filii

470 3560 839 3638 Khirkhan,
899 3560 1010 3646 qui
1069 3558 1263 3625 Hims
1333 3562 1668 3639 tenebant,
1740 3562 1916 3627 anxii
1975 3561 2551 3641 Shihab-ed-Din,
2607 3561 2904 3628 Damasci

652 3826 692 3896 1)
729 3825 922 3879 Guilm.
959 3824 1149 3894 Tyrius
1184 3822 1339 3878 XXI.
1381 3826 1464 3878 11.

649 3914 690 3985 2)
729 3913 1059 3968 Geschiohte
1083 3913 1177 3966 der
1203 3912 1540 3983 Kreuzziige.
1582 3914 1674 3968 VI.

649 4004 691 4074 ³)
726 4002 1026 4057 Erdkunde.
1064 4001 1243 4056 XVII.
1284 4001 1404 4055 227.

649 4093 693 4162 ⁴)
731 4091 817 4145 01-
820 4084 996 4143 ’Athir
1031 4092 1067 4144 t.
1102 4090 1175 4144 X.
1214 4091 1313 4145 sub
1351 4106 1487 4145 anno
1524 4092 1645 4146 514.

650 4180 693 4248 5)
728 4180 814 4233 el·
816 4173 993 4233 'Athir
1027 4181 1064 4233 t.
1101 4178 1199 4233 XI.
1239 4179 1339 4233 sub
1376 4194 1512 4233 anno
1550 4179 1670 4234 529.

652 4269 694 4337 )
731 4268 817 4321 el
820 4260 996 4322 ‘Athir
1029 4268 1066 4320 t.
1105 4266 1203 4321 XI.
1242 4268 1343 4322 sub
1379 4283 1515 4323 anno
1552 4268 1671 4322 531.
