3250 4684
1490 281 1573 341 25

305 487 679 571 principem,
711 487 1027 564 adierunt,
1054 494 1359 572 petenteS,
1390 496 1463 555 ut
1484 489 1937 573 permutationi
1969 488 2066 553 illi
2087 489 2410 554 adnueret.
2476 487 2746 555 Shihab-

308 593 551 659 ed-Din
584 594 836 677 quidem
868 616 1007 660 cum
1053 595 1347 662 ditiorem
1392 596 1649 679 quidem
1692 596 1802 661 sed
1847 595 2357 679 periculosiorem
2387 600 2634 678 partem
2678 614 2744 659 se

304 721 555 766 sumere
599 706 769 766 certo
816 701 1072 777 videret,
1120 723 1248 766 non
1293 703 1623 781 recusavit,
1671 703 1827 787 quin
1871 723 2108 767 morem
2155 702 2244 766 eis
2289 708 2549 784 gereret.

487 806 648 872 Novi
693 814 907 873 autem
953 807 1192 873 domini
1245 831 1370 874 non
1418 809 1530 874 diu
1589 831 1704 875 sua
1759 809 2154 893 possessione
2208 808 2584 884 utebantur3
2642 807 2743 872 fac

302 914 661 995 regnarint‚
724 936 849 998 quo
909 922 1191 998 tempore
1249 917 1584 1001 Benjamin
1651 915 2018 980 Tudelensis
2095 916 2163 979 in
2232 914 2746 997 peregrinatione

305 1041 428 1084 sua
449 1025 501 1101 1)
554 1019 847 1085 aedificia
892 1027 1022 1085 tam
1068 1020 1425 1104 magnifica,
1474 1022 1715 1088 incolas
1757 1029 1889 1087 tam
1935 1020 2265 1087 bellicosos
2311 1019 2744 1103 deprehendit,

304 1132 476 1190 certe
521 1125 847 1202 Saladino,
891 1148 1031 1191 cum
1077 1128 1265 1193 urbes
1317 1127 1538 1213 Syriae
1579 1128 1872 1212 deinceps
1918 1149 2030 1193 suo
2074 1127 2338 1210 imperio
2383 1125 2739 1202 subiiceret,

303 1253 456 1296 mox
501 1232 982 1298 succubuerunt.
1079 1232 1273 1299 Cuius
1329 1242 1476 1318 post
1519 1242 1785 1300 mortem
1846 1257 1988 1300 cum
2047 1254 2311 1316 regnum
2370 1232 2742 1297 immensum

300 1339 474 1403 inter
547 1339 941 1422 propinquos
1015 1339 1421 1416 divideretur,
1489 1340 1771 1406 Tadmur
1839 1342 1975 1405 viro
2046 1339 2298 1406 cuidam
2362 1359 2439 1402 ex
2501 1337 2745 1403 familia

299 1432 775 1529 'Ajjubidarum
831 1444 1133 1524 Shirkuh‚
1192 1444 1326 1511 filio
1373 1445 1800 1525 Muhammad‚
1866 1445 1986 1512 filii
2055 1443 2357 1522 Shirkfih,
2425 1465 2552 1509 una
2599 1464 2742 1509 cum
2839 1476 2848 1485 ·

303 1549 505 1615 Hims
550 1558 612 1616 et
653 1550 1015 1617 er—Rahaba
1062 1551 1318 1618 addicta
1364 1558 1459 1617 est
1479 1552 1533 1637 ²)
1581 1556 1778 1639 (anno
1830 1552 2047 1636 1193).

484 1656 604 1722 Illo
635 1657 892 1723 tandem
924 1659 1191 1736 saeculo,
1236 1679 1362 1742 quo
1395 1659 1773 1724 Tatarorum
1812 1660 1996 1742 quasi
2043 1664 2292 1723 torrens
2322 1656 2543 1721 Timur
2585 1655 2744 1721 duce

305 1769 513 1828 totum
590 1763 910 1829 Orientem
998 1763 1357 1830 inundabat
1430 1771 1495 1830 et
1569 1764 2069 1831 devastationem
2152 1785 2401 1829 omnem
2486 1762 2741 1827 modum

236 1921 246 1929 .
306 1877 707 1952 superantem
768 1868 1099 1948 efficiebat,
1159 1870 1361 1955 Syria,
1419 1878 1492 1936 ut
1547 1877 1766 1936 notum
1824 1877 1937 1947 est,
1998 1870 2079 1936 ab
2150 1869 2252 1934 his
2312 1868 2742 1952 praedonibus

307 1975 549 2040 intacta
595 1996 722 2040 non
765 1977 1018 2041 mansit.
1112 1979 1295 2042 Anno
1347 1980 1511 2043 1401
1563 1977 1805 2063 (mense
1846 1975 2305 2060 Mart-April.)
2366 1998 2445 2042 ex
2490 1975 2741 2040 stativis

306 2080 389 2147 ad
450 2079 643 2146 Hims
704 2082 929 2166 positis
988 2084 1215 2165 legatis
1275 2083 1406 2148 suis
1468 2083 1672 2149 Mirza
1731 2083 1989 2149 Rustem
2052 2090 2115 2148 et
2173 2070 2357 2173 'Abum
2398 2080 2571 2146 Bekr
2627 2102 2744 2147 nec

307 2210 435 2252 non
501 2187 736 2253 Emiris
794 2188 1119 2254 Sulaiman
1179 2189 1352 2256 Shah
1413 2196 1476 2255 et
1536 2188 1781 2255 Shaikh
1858 2188 2325 2256 Nur-ed-Din
2398 2188 2742 2271 imperator

307 2294 664 2377 imperavit,
709 2302 781 2360 ut
826 2317 967 2359 cum
1019 2296 1242 2361 dextro
1289 2297 1601 2361 exercitus
1647 2317 1844 2361 cornu
1891 2296 1973 2362 ad
2017 2295 2295 2361 Tadmur
2344 2294 2741 2360 incursantes

306 2408 554 2482 gentem
642 2398 884 2465 Du-l-
902 2400 1077 2479 Qadr
1177 2401 1576 2484 castigarent.
1720 2401 1883 2467 Iussi
1995 2401 2298 2467 mandato
2385 2400 2742 2466 satisfecere

307 2508 437 2571 200
454 2508 586 2571 000
633 2505 845 2570 ovium
889 2506 1302 2585 abducentes3
1349 2506 1637 2574 homines
1682 2514 1915 2585 autem,
1961 2509 2072 2591 qui
2124 2529 2267 2573 cum
2312 2507 2491 2590 equis
2537 2527 2742 2572 came-

306 2611 509 2694 lisque
552 2611 620 2674 in
654 2611 971 2677 desertum
1002 2613 1279 2678 Arabiae
1323 2636 1389 2679 se
1433 2615 1849 2692 coniecerant,
1894 2615 2207 2697 attingere
2254 2635 2378 2678 non
2424 2618 2735 2697 poterant.

307 2716 525 2783 Tatari
565 2724 699 2783 tum
732 2717 1125 2801 Euphratem
1171 2720 1508 2803 petebant3
1556 2719 1821 2786 urbibus
1867 2720 2078 2797 etiam,
2123 2742 2285 2803 quae
2325 2718 2743 2802 interpositae

307 2829 506 2900 erant,
554 2824 1002 2890 detrimentum
1058 2846 1248 2908 grave
1294 2847 1398 2891 eos
1449 2826 1763 2905 intulisse,
1830 2848 1946 2911 pro
2016 2847 2229 2891 eorum
2288 2824 2744 2890 consuetudine

308 2929 463 2995 satis
508 2930 811 2996 credibile
855 2937 968 2996 est.

482 3035 607 3100 Fas
652 3043 764 3113 est,
810 3037 931 3101 hoc
973 3037 1112 3101 loco
1158 3036 1467 3104 historiae
1497 3037 1777 3103 Tadmur
1815 3039 1991 3104 urbis
2030 3038 2370 3105 terminum
2415 3037 2742 3114 collocare,

310 3141 459 3223 quia
504 3140 895 3207 desolatione
940 3150 1003 3207 et
1047 3165 1291 3208 summa
1335 3144 1711 3227 impotentia
1757 3142 1984 3210 affecta
2029 3150 2246 3229 partes
2292 3165 2439 3209 suas
2486 3142 2742 3227 penitus

305 3254 635 3330 peregerat
702 3246 972 3332 ideoque
1029 3249 1162 3314 eius
1223 3252 1594 3315 memoratio
1657 3250 1828 3335 apud
1893 3251 2232 3344 scriptores
2292 3249 2619 3315 rarissima
2677 3254 2740 3313 et

305 3352 488 3418 valde
530 3353 746 3420 ieiuna
787 3351 958 3419 facta
1002 3361 1112 3419 est.

486 3546 524 3614 1)
561 3546 697 3599 Vide
735 3547 897 3614 caput
930 3546 1028 3600 ΙΠ.

482 3635 523 3703 2)
563 3628 843 3702 'Abulfida‚
881 3634 1115 3689 Historia
1151 3636 1411 3706 generalis
1462 3654 1572 3706 cap.
1612 3639 1697 3692 40.
1749 3639 1800 3690 in
1840 3638 2125 3707 appendice
2174 3638 2241 3692 ad
2288 3636 2741 3691 Baba-ed-Din:

306 3722 428 3778 Vita
462 3722 710 3791 Saladini‚
747 3723 827 3776 ed.
867 3721 1251 3778 Schultensius.

480 3811 523 3879 ³)
558 3810 788 3866 Histoire
824 3812 889 3865 de
924 3812 1258 3868 Timur-Bec
1293 3831 1389 3883 par
1412 3813 1884 3884 Cheref-ed-din,
1920 3814 2148 3869 traduite
2185 3831 2281 3885 par
2304 3813 2363 3867 P.
2393 3812 2538 3867 dela
2562 3811 2737 3867 Croix.

314 3899 451 3952 1712
487 3900 550 3954 A.
587 3899 686 3953 ΠΙ.
725 3917 769 3954 c.
810 3901 893 3955 28.
