3250 4684
1652 272 1732 334 10

482 476 600 541 sub
656 498 823 541 anno
875 481 953 542 13
1002 499 1228 543 nomen
1290 479 1423 561 ipse
1482 487 1746 563 repetat.
1771 482 1821 565 ¹)
1913 481 2156 544 Deinde
2220 482 2350 545 dux
2396 480 2480 543 ad
2529 479 2807 561 Quraqir
2852 484 2917 542 et

482 582 665 647 Suwa
707 584 981 659 transiit,
1039 606 1199 666 quae
1245 585 1375 649 s'ive
1420 586 1655 668 oppida
1704 588 1833 650 sive
1878 586 2158 668 aquandi
2213 587 2354 649 loca
2394 583 2587 661 fuere,
2648 607 2688 649 a
2739 585 2915 649 nullo

481 687 611 752 fere
670 690 973 772 scriptore
1034 691 1413 757 omittuntur
1472 700 1665 774 atque
1725 694 2007 757 versibus
2066 691 2465 774 quibusdam,
2525 696 2599 754 ut
2649 690 2916 766 videtur,

482 794 763 878 antiquis
819 796 973 859 satis
1032 795 1408 861 testificatae
1467 806 1632 862 sunt.
1751 799 1872 863 Illa
1929 797 2011 862 ab
2083 798 2296 874 initio,
2368 797 2523 860 haec
2580 795 2663 861 ab
2740 796 2914 860 exitu

484 900 600 964 lati
666 900 896 966 deserti
959 902 1083 966 sita
1142 908 1296 969 erat.
1324 903 1376 986 2)
1483 904 1578 968 Ad
1640 903 1910 987 Quraqir
1927 904 1980 988 3)
2043 904 2258 984 igitur,
2313 924 2502 985 quam
2548 923 2701 985 gens
2747 901 2915 966 Kalb

484 1005 768 1082 tenebat,
833 1008 1070 1071 Khalid
1132 1008 1651 1074 dissentientibus
1716 1010 2026 1074 militibus
2086 1018 2149 1074 et
2206 999 2366 1074 Rafi‘
2443 1009 2582 1091 ipso
2655 1009 2917 1072 ductore

484 1111 683 1176 invito
746 1113 1075 1177 consilium
1135 1115 1602 1197 permetiendae
1662 1115 1982 1180 vastitatis
2053 1116 2234 1198 cepit.
2353 1115 2446 1178 De
2514 1114 2635 1178 hoc
2689 1114 2918 1178 itinere

483 1218 720 1282 multae
763 1218 1020 1283 fabulae
1070 1228 1434 1300 narrantur,
1488 1221 1759 1285 camelos
1820 1227 2161 1303 quaternos
2209 1221 2475 1302 singulis
2519 1220 2739 1284 diebus
2783 1239 2919 1284 esse

486 1330 813 1399 mactatos,
870 1330 943 1388 ut
1000 1347 1231 1406 aquam
1291 1327 1358 1390 in
1404 1327 1730 1391 ventribus
1789 1335 2104 1430 repertam
2158 1327 2301 1410 equi
2347 1326 2667 1402 biberent3
2713 1332 2918 1390 totum

485 1431 825 1494 exercitum
872 1431 977 1495 siti
1009 1453 1209 1514 paene
1238 1433 1587 1514 periturum
1620 1434 1826 1509 fuisse,
1873 1433 1996 1497 nisi
2036 1422 2197 1497 Rafi
2264 1432 2382 1497 sub
2448 1433 2716 1497 rhamno
2761 1452 2920 1515 quo-

485 1537 632 1600 dam
686 1536 922 1602 fontem
982 1537 1510 1620 deprehendisset.
1603 1540 1723 1604 Die
1783 1540 2005 1622 quinto
2069 1539 2152 1603 ad
2198 1538 2384 1603 Suwa
2400 1542 2456 1623 4)
2502 1545 2757 1603 ventum
2803 1544 2917 1613 est,

484 1642 595 1707 ubi
663 1643 784 1705 viri
850 1643 928 1706 de
984 1643 1154 1708 Kalb
1221 1650 1286 1708 et
1340 1644 1557 1709 Bahra
1619 1645 1832 1709 subito
1901 1645 2365 1728 opprimuntur.
2480 1643 2720 1708 Khalid
2783 1652 2917 1708 tum

484 1746 730 1812 flumini
789 1748 1106 1832 Euphrati
1175 1751 1434 1832 eiusque
1490 1752 1661 1827 viae,·
1710 1773 1853 1815 cum
1914 1750 1996 1815 ad
2059 1749 2572 1832 el-Kawathil5)
2635 1755 2697 1813 et
2758 1748 2919 1825 Qar-

484 1853 674 1938 kisija
688 1854 741 1937 ⁶)
786 1856 1190 1937 pervenisset,
1244 1878 1441 1939 prope
1485 1863 1866 1937 accesserat3
1924 1856 2031 1920 sed
2078 1856 2311 1932 statim,
2355 1856 2466 1921 ubi
2511 1855 2698 1919 huius
2741 1855 2919 1919 urbis

484 1960 837 2043 praefectus
882 1982 1024 2025 cum
1056 1964 1334 2026 exercitu
1375 1984 1517 2028 eum
1563 1963 1812 2045 petivit,
1858 1963 1925 2026 in
1961 1962 2274 2026 desertum
2308 1959 2578 2025 deflexit.
2678 1961 2919 2025 Deinde

484 2053 789 2131 ’Arakam
848 2067 977 2131 sive
1032 2054 1233 2132 'Arak
1254 2070 1308 2153 ⁷)
1365 2069 1584 2144 cinxit,
1646 2069 1825 2132 cuius
1886 2069 2172 2132 celeriter
2238 2067 2621 2132 deditionem
2677 2067 2921 2149 accepit

486 2172 764 2237 modicas
834 2173 1008 2255 pacis
1070 2174 1463 2239 conditiones
1520 2175 1849 2257 imponens
1871 2174 1944 2257 8).
2060 2173 2246 2238 Haud
2320 2174 2519 2256 igitur
2573 2172 2664 2237 ita
2721 2174 2922 2237 multa

488 2278 664 2342 milia
708 2301 748 2343 a
793 2277 1071 2343 Tadmur
1116 2281 1273 2345 urbe
1327 2281 1572 2345 distans
1617 2287 1867 2345 tantum
1914 2280 2153 2356 aberat,
2211 2287 2282 2344 ut
2327 2301 2464 2343 eam
2509 2285 2920 2361 oppugnaret,

488 2391 560 2447 ut
631 2385 699 2447 in
775 2385 1506 2471 Dauma-ed-djandal,
1598 2407 1809 2451 arcem
1896 2385 2321 2450 Christianam
2404 2405 2481 2448 ex
2570 2384 2919 2467 prophetae

489 2489 891 2554 Muhammad
950 2491 1216 2557 historia
1271 2498 1486 2557 notam
1543 2493 1610 2555 in
1657 2492 1978 2556 territorio
2026 2492 2301 2556 Arabiae
2346 2489 2666 2575 el-Djauf
2709 2492 2919 2564 sitam,

666 2727 704 2792 ¹)
741 2732 829 2780 et·
850 2728 967 2782 Tab.
1005 2729 1073 2782 II.
1112 2730 1227 2781 114.

665 2817 706 2883 2)
746 2816 804 2869 Ο.
843 2816 997 2884 Blau
1036 2818 1127 2886 qui
1164 2817 1380 2885 (ZDMG
1415 2817 1624 2871 XXIII.
1666 2817 1769 2870 559
1800 2816 1878 2885 ff.)
1914 2769 2045 2870 haec
2081 2815 2199 2870 loca
2233 2816 2286 2868 in
2324 2815 2482 2868 Wadi
2522 2813 2725 2883 ὃίτήὲῑη,
2765 2815 2918 2868 Suwa

488 2904 718 2957 multum
755 2921 788 2958 a
823 2906 1206 2973 septentrione,
1257 2904 1481 2974 Quiaqir
1516 2922 1548 2959 a
1584 2905 1801 2957 meridie
1839 2904 2084 2972 collocat,
2138 2903 2226 2957 el·
2240 2901 2534 2956 Beladhuri
2573 2902 2801 2971 opinioni
2835 2919 2919 2955 re-

488 3009 722 3062 pugnare
759 2994 986 3047 videtur.

665 3082 706 3150 ³)
746 3082 905 3149 Apud
941 3080 1231 3136 el-Bakri:
1287 3084 1341 3136 in
1380 3082 1597 3136 confinis
1635 3081 1832 3149 Syriae.

668 3170 710 3239 ⁴)
747 3169 940 3223 Nescio
994 3187 1061 3224 an
1118 3168 1268 3235 Σαὺη
1322 3171 1377 3224 in
1433 3171 1639 3223 deserto
1688 3168 1911 3222 Arabiae
1969 3168 2130 3236 (apud
2177 3166 2564 3232 Ptolemaeum)
2619 3182 2920 3234 comparare

487 3258 669 3325 liceat3
707 3258 998 3327 adnotetur,
1036 3259 1194 3312 etiam
1230 3260 1451 3313 formam
1488 3258 1657 3325 Saura,
1695 3257 1835 3326 apud
1868 3258 2077 3325 poetam
2116 3257 2379 3325 quendam
2414 3255 2643 3324 reperiri.

665 3347 709 3414 Γ’)
743 3347 863 3400 Non
900 3348 1042 3414 apud
1079 3345 1361 3400 el-Bakri.

667 3435 708 3504 6)
747 3436 898 3488 Anno
940 3435 1003 3488 19
1041 3435 1106 3489 ab
1142 3429 1290 3504 ’Ijad,
1327 3435 1434 3489 filio
1472 3435 1678 3488 Ghanm
1716 3434 1924 3487 foedere
1960 3433 2154 3487 tradita
2189 3435 2285 3486 est.

671 3524 709 3589 ⁷)
744 3523 898 3577 Falso
932 3523 1070 3576 Urul
1106 3524 1247 3591 apud
1283 3520 1578 3576 et-Pabari
1613 3523 1685 3576 II.
1729 3524 1846 3576 116.
1991 3576 2018 3587 κ

666 3613 708 3680 ⁸)
749 3606 953 3679 'Araka,
992 3611 1133 3680 quod
1157 3611 1409 3680 oppidum
1435 3611 1701 3664 munitum
1727 3611 2107 3680 cognoscimus,
2145 3610 2282 3662 inter
2314 3608 2531 3676 antiqua
2556 3608 2670 3661 eius
2695 3607 2921 3677 regionis

489 3700 606 3754 loca
642 3700 882 3769 ponenda
917 3700 1023 3767 est,
1079 3715 1402 3768 quamquam
1449 3699 1596 3752 nullo
1644 3701 1879 3766 tempore
1926 3698 2136 3751 maioris
2184 3697 2347 3749 fuisse
2393 3696 2646 3749 momenta⁸
2693 3696 2919 3748 videtur.

492 3788 634 3843 Nam
670 3788 795 3841 huic
831 3789 908 3841 rei
942 3788 1317 3857 impedimento
1354 3788 1467 3841 erat
1507 3786 1790 3855 Palmyrae
1825 3786 2036 3847 vicinia,
2075 3801 2106 3839 a
2143 3801 2248 3853 qua
2281 3783 2412 3837 urbe
2449 3784 2744 3836 secundum
2768 3784 2926 3857 tabu-2

491 3877 597 3930 lam
623 3876 1138 3946 Peutinger.XV1H
1174 3875 1389 3929 milibus
1426 3875 1618 3943 aberat,
1657 3875 1703 3927 si
1742 3875 1954 3943 quidem
1991 3873 2206 3927 Haras
2243 3888 2365 3925 cum
2393 3864 2585 3925 'Araka
2621 3887 2922 3939 comparare

489 3964 628 4018 licet.
725 3964 843 4018 Alio
904 3963 1018 4018 loco
1071 3980 1189 4017 eam
1236 3980 1339 4017 non
1388 3964 1591 4032 reperio
1640 3963 1998 4016 memoratam.
2090 3960 2395 4013 Secundum
2449 3959 2659 4012 Pseudo
2676 3957 2922 4028 -Waqidi

491 4053 565 4106 ibi
600 4053 853 4107 telonium
892 4054 1210 4106 Graecorum
1247 4053 1360 4104 erat
1407 4051 1766 4119 patriciusque
1804 4050 2036 4102 Graecus
2089 4049 2367 4102 stationem
2418 4047 2659 4100 habebat.
2732 4046 2924 4101 Postea

493 4142 699 4195 minuta
735 4143 847 4194 erat
884 4157 981 4194 nec
1018 4140 1198 4194 crebro
1235 4140 1350 4192 cius
1386 4155 1578 4192 nomen
1614 4143 1964 4192 memoratum
2002 4139 2098 4190 est.
2170 4135 2529 4190 Nihilominus
2556 4135 2622 4188 ad
2647 4135 2923 4189 hodierum

493 4230 633 4283 diem
688 4231 997 4283 conservata
1046 4231 1153 4296 est,
1210 4231 1264 4281 et
1308 4226 1475 4280 Balad
1531 4220 1689 4280 ’Arak
1736 4225 1875 4294 apud
1922 4225 2224 4279 Baedeker-
2239 4224 2420 4278 Socin:
2482 4223 2922 4277 Reisehandbuch

494 4319 581 4373 fiir
614 4317 883 4373 Palastina
917 4316 1028 4370 und
1065 4315 1268 4385 Syrien,
1304 4315 1447 4368 ultra
1480 4314 1711 4368 Tadmur
1746 4314 1899 4367 vicus
1936 4313 2162 4383 exiguus
2199 4312 2514 4367 nominatur.
