3250 4684
1518 263 1600 324 37

522 475 617 540 De
660 473 892 540 civium
951 474 1342 559 possessione
1395 479 1459 538 et
1513 479 1781 557 quaestu
1840 494 2064 557 parum
2128 472 2376 538 scimus.
2471 470 2647 549 Cum,
2699 477 2775 536 ut

336 582 518 648 infra
564 580 882 665 explicare
936 580 1324 658 conabimur,
1387 580 1491 646 via
1532 580 1846 664 quaedam
1888 585 2307 645 mercatorum
2365 578 2585 646 urbem
2628 585 2772 644 tan-

342 694 543 772 geret,
584 688 813 753 incolis
861 708 1111 771 quoque
1140 692 1560 753 mercaturam
1604 686 1781 752 cordi
1810 685 2005 752 fuisse
2036 686 2373 752 verisimile
2403 692 2515 751 est.
2587 685 2770 764 Quod

338 816 421 861 ex
463 802 745 879 tempore
811 794 1066 877 quidem
1118 792 1417 859 inferiore
1466 800 1767 860 testatum
1827 793 2105 859 videmus
2159 793 2229 857 in
2288 793 2453 860 libro
2499 791 2781 858 Masalik'

339 902 660 979 el-Absar‚
702 902 832 967 iam
866 922 1059 985 supra
1101 901 1317 979 citat0,
1341 899 1470 978 sed,
1517 899 1688 984 quod
1717 900 1802 966 ad
1833 899 2231 987 diligentiam
2271 899 2520 975 attinet,
2566 899 2768 966 addu-

339 1008 579 1074 bitato:
602 1014 646 1089 1)
710 1057 722 1070 .
774 1057 787 1070 .
841 1055 855 1070 .
905 1007 1022 1073 Est
1064 1006 1344 1072 Tadmur
1385 1007 1540 1073 urbs
1583 1013 1810 1091 potens
1857 1053 1871 1070 .
1921 1056 1933 1069 .
1987 1055 2035 1084 .,
2078 1005 2189 1072 ubi
2234 1005 2407 1071 horti
2450 1005 2769 1089 magnifici

341 1123 407 1181 et
450 1121 843 1181 mercaturae
881 1113 1343 1180 lucrosissimae
1386 1120 1769 1198 spectantur.
1846 1113 2098 1179 Incolae
2132 1111 2358 1178 divites
2391 1119 2558 1189 sunt,
2602 1113 2769 1178 inter

339 1243 498 1305 quos
544 1228 920 1288 mercatores
950 1242 1165 1287 omnes
1209 1227 1411 1287 terras
1454 1221 1912 1305 permigrantes
1958 1225 2121 1285 sunt.
2217 1218 2422 1298 Quid?
2495 1241 2666 1297 num,
2705 1219 2760 1285 si

337 1329 458 1393 hoc
501 1328 596 1394 ita
653 1349 719 1394 se
774 1327 1017 1405 habuit,
1086 1326 1239 1392 urbs
1309 1333 1644 1412 tantopere
1719 1327 2029 1404 imminui,
2084 1326 2356 1392 historia
2409 1346 2640 1404 carere,
2697 1326 2767 1390 in

338 1434 618 1501 tenebris
659 1434 843 1518 quasi
886 1434 1092 1499 iacere
1128 1433 1380 1517 potuit?

514 1541 590 1606 In
633 1541 759 1607 fine
802 1545 1016 1606 autem
1058 1539 1293 1605 saeculi
1349 1539 1574 1605 decimi
1608 1561 1669 1624 p.
1705 1538 1852 1604 Chr.
1888 1538 1970 1605 ab
2015 1538 2489 1604 el-Mukaddasi
2532 1545 2768 1606 statum

342 1647 519 1712 urbis
563 1647 908 1731 praecisius
954 1647 1495 1730 circumscriptum
1536 1645 1861 1713 habemus.
1953 1646 2184 1711 Dicens
2227 1646 2434 1729 primo
2460 1644 2531 1732 ²),
2578 1647 2766 1713 urbes

338 1754 646 1820 territorii
690 1752 883 1818 Hims
925 1753 1215 1819 ruinosas
1259 1773 1411 1830 esse,
1454 1752 1662 1836 pretia
1716 1752 1786 1817 in
1846 1751 1926 1817 iis
1970 1752 2235 1831 modica,
2292 1773 2456 1835 quae
2512 1753 2654 1818 loca
2696 1753 2766 1818 in

336 1861 523 1926 litore
547 1859 671 1926 sita
693 1866 919 1938 essent,
943 1859 1190 1925 munita
1212 1859 1332 1924 hoc
1355 1858 1564 1925 addit:
1588 1858 1891 1925 Similiter
1905 1859 2107 1942 (puto,
2130 1859 2387 1925 ruinose
2409 1866 2473 1925 et
2494 1859 2766 1946 munite)

338 1966 617 2032 Tadmur
662 1986 728 2032 se
771 1965 966 2032 habet
1010 1972 1074 2030 et
1116 1966 1299 2048 quasi
1356 1965 1585 2031 solium
1645 1964 1924 2030 omnium
1967 1965 2320 2032 Salomonis
2363 1966 2623 2032 urbium
2670 1973 2765 2032 est

334 2071 487 2158 (hoc
532 2078 778 2156 spectat
822 2071 905 2137 ad
961 2071 1366 2155 antiquitatis
1410 2071 1674 2153 rudera)
1732 2078 1796 2137 et
1860 2071 2152 2156 princeps
2170 2070 2225 2157 3)
2286 2072 2422 2138 eius
2487 2072 2765 2157 regionis

334 2179 507 2257 urbS,
550 2199 748 2262 prope
796 2199 837 2244 a
882 2177 1129 2243 deserto
1176 2178 1319 2256 sita,
1363 2179 1579 2262 ampla
1622 2184 1687 2243 et
1736 2178 2022 2263 pulchra.

512 2284 816 2350 Doctrina
882 2283 1219 2368 studiaque
1297 2284 1365 2349 in
1428 2284 1549 2350 hac
1588 2283 1748 2351 urbe
1790 2285 1998 2350 minus
2029 2284 2198 2351 culta
2241 2307 2374 2353 esse
2433 2285 2761 2364 videntur3

335 2413 483 2457 nam
510 2390 681 2476 apud
710 2390 750 2456 J
753 2393 924 2475 aqut,
968 2391 1079 2473 qui
1117 2391 1216 2457 vel
1258 2390 1536 2457 minimis
1580 2391 1735 2456 vicis
1778 2391 1948 2457 hunc
1986 2398 2051 2460 et
2073 2392 2254 2457 illum
2279 2391 2531 2459 doctum
2555 2393 2761 2459 virum

332 2504 450 2564 aut
490 2499 866 2581 magistrum
909 2495 1226 2574 attribuit,
1283 2518 1465 2562 nemo
1522 2496 1959 2563 Tadmurenus
2004 2498 2234 2564 litteris
2276 2499 2485 2564 clarus
2529 2520 2759 2565 memo-

334 2609 532 2670 ratur.
626 2604 890 2670 Postero
934 2610 1214 2687 tempore
1257 2609 1632 2687 procurator
1661 2603 1959 2670 Turcicus
2000 2604 2176 2670 urbis
2220 2604 2289 2669 in
2330 2605 2760 2690 „Biographia

338 2711 654 2776 clarorum
708 2710 987 2776 virorum
1045 2730 1205 2776 saec.
1250 2709 1345 2774 XI
1406 2711 1631 2794 fugae“
1691 2710 2095 2794 praedicatur
2109 2709 2165 2796 4)
2219 2717 2283 2777 et
2352 2710 2758 2779 Muhammad

335 2817 613 2900 quidam,
654 2815 827 2882 filius
858 2815 1176 2893 Mahmud‚
1214 2815 1385 2881 filius
1415 2805 1617 2899 ‘Agae
1647 2815 1952 2895 Tadmur,
1980 2818 2510 2902 expugnationem
2540 2818 2760 2905 Syriae

336 2946 377 2989 a
406 2922 936 3008 Pseudo-Waqidi
964 2922 1384 3007 conscriptam
1420 2926 1499 2987 12
1516 2925 1648 2988 ΟΟΟ
1680 2923 1963 2990 versibus
1985 2924 2267 2990 Turcicis
2299 2925 2678 3009 explanavit.
2701 2924 2758 3011 5)

1104 3293 1430 3432 Caput
1504 3305 1997 3435 quartum.

717 3490 839 3572 De
907 3490 1359 3573 nonnullis
1423 3489 1748 3574 deserti
1801 3489 2138 3591 Syriaci
2192 3490 2383 3576 viis.

509 3665 585 3730 In
628 3665 811 3732 libris
854 3664 1134 3730 Arabum
1176 3666 1354 3732 nulla
1396 3668 1629 3734 mentio
1674 3667 2027 3735 commercii
2077 3666 2458 3735 Tadmureni
2504 3670 2754 3755 antiqui

336 3778 621 3856 superest
686 3771 900 3855 itaque
959 3769 1246 3838 effectum
1300 3779 1410 3851 est,
1481 3780 1553 3840 ut
1611 3775 1914 3858 reliquias
1976 3774 2152 3842 urbis
2209 3776 2489 3842 excelsas
2551 3777 2751 3860 geniis

515 3966 554 4035 ¹)
593 3965 950 4036 Quatremere,
985 3967 1288 4037 Appendice
1325 3967 1443 4022 255.

512 4055 554 4122 2)
589 4070 706 4124 pag.
748 4056 865 4110 156.

511 4144 552 4211 ³)
589 4142 640 4196 el
654 4172 675 4182 -
691 4142 910 4210 Qasaba.

513 4234 556 4300 ⁴)
595 4229 951 4299 Quatremere,
988 4232 1291 4303 Appendice
1328 4231 1447 4286 255.

513 4319 557 4386 ⁵)
592 4319 723 4373 Lee:
783 4319 890 4373 The
927 4322 1182 4389 conquest
1214 4321 1271 4375 of
1300 4319 1467 4390 Syria,
1504 4321 1752 4390 praefatio
1787 4338 1837 4389 p.
1877 4322 1960 4375 23.
