3250 4684
0 2019 10 2238 ὴ--ᾼὴᾼ

1501 254 1582 315 41

331 465 672 530 terminum
745 464 1000 549 petebat
1045 470 1108 529 et
1151 463 1379 546 exigua
1436 463 1575 529 loca
1633 467 1745 528 aut
1815 463 2028 546 potius
2082 466 2305 545 puteos
2366 459 2751 541 attingebat:

335 570 512 636 Kufa
560 609 634 617 ψ
687 570 1143 648 er-Ruhaima,
1181 573 1261 634 12
1292 569 1419 637 mil.
1469 607 1550 618 —·
1584 569 1930 646 eii-Nalm,
1960 548 2000 632 ᾗ
2033 568 2166 633 dies
2197 606 2274 615 -
2312 565 2632 643 el-Qarar
2649 562 2754 651 (2³),

339 680 382 741 2
432 676 565 742 dies
619 713 701 725 -—
749 676 1167 754 el-KhanfaS,
1203 680 1235 740 1
1285 676 1418 742 dies
1465 714 1546 724 -
1595 675 2019 760 el-Hashijja‚
2068 679 2100 739 1
2150 674 2281 739 dies
2328 709 2411 721 -
2458 670 2754 737 el-Ghu-

340 783 528 860 raifa,
578 786 612 847 1
661 783 794 849 dies
836 820 924 830 --
966 781 1257 860 Qurakir‚
1306 787 1338 847 1
1389 782 1522 847 dies
1556 821 1638 830 ——
1671 769 2033 867 el-’Azraq,
2084 785 2118 846 1
2167 781 2299 846 dies
2330 817 2413 828 —-
2443 769 2751 855 ‘Ammam

340 893 374 953 1
426 889 591 966 dies3
636 890 924 954 universe
972 894 1048 954 11
1099 891 1343 956 dierum
1386 890 1524 955 iter.
1616 888 1901 955 Secunda
1944 895 2039 953 est
2081 888 2184 953 via
2227 888 2360 963 Hit,
2404 885 2595 951 tertia
2638 906 2754 951 er-

335 995 665 1072 Rahabae‚‚
686 1017 955 1079 quarum
986 995 1465 1079 descriptionem
1488 1002 1747 1079 propter
1769 996 2061 1060 lacunam
2092 993 2536 1069 desideramuS,
2563 1013 2752 1075 quam

340 1101 552 1167 Codex
598 1102 1073 1186 Constantinop.
1135 1103 1342 1168 verbis
1386 1102 1778 1167 dissimulat:
1824 1106 1886 1166 et
1927 1101 2033 1166 via
2075 1100 2191 1166 Hit
2244 1099 2327 1165 ad
2377 1100 2754 1163 Damascum

339 1209 572 1274 ducens
616 1214 714 1273 est
756 1208 998 1273 dierum
1042 1208 1270 1285 decem,
1314 1209 1464 1275 item
1511 1209 1614 1274 via
1660 1207 2098 1273 er-Rahabae.
2195 1206 2370 1284 Quae
2413 1204 2608 1288 igitur
2629 1203 2754 1277 ,ha-

345 1336 486 1379 rum
529 1315 774 1379 viarum
816 1313 1054 1380 fuerint
1111 1316 1432 1392 stationes,
1488 1314 1661 1399 apud
1719 1314 1880 1380 alios
1936 1314 2271 1396 scriptores
2328 1310 2754 1396 quaerendum

336 1427 449 1498 est,
495 1427 559 1486 et
601 1421 936 1486 secundam
979 1422 1201 1487 saltem
1246 1421 1407 1486 viam
1455 1421 1663 1486 verbis
1707 1420 1827 1485 Ibn
1872 1420 2131 1485 Batutae
2155 1418 2206 1505 1)
2254 1418 2366 1506 (ab
2409 1437 2577 1483 anno
2626 1419 2749 1482 703

347 1532 563 1592 -777
608 1529 795 1609 fugae
837 1528 1128 1613 viventis)
1170 1528 1496 1593 restituere
1541 1548 1814 1612 possum.
1838 1526 1892 1612 2)
1970 1526 2091 1604 Qui
2140 1515 2252 1610 per
2307 1523 2753 1590 remotissimas

338 1639 541 1698 terras
586 1633 851 1708 Indiam,
907 1633 1141 1712 Sailan,
1199 1632 1470 1699 Chinam
1526 1635 1983 1717 peregrinatuS,
2049 1639 2388 1717 postquam
2433 1630 2582 1696 navi
2639 1651 2754 1714 per

337 1740 570 1806 fretum
616 1740 933 1804 Persicum
981 1747 1191 1806 vectus
1236 1747 1332 1805 est
1376 1746 1438 1805 et
1482 1741 1816 1805 Persarum
1875 1739 2062 1805 urbes
2120 1738 2297 1815 vidit,
2353 1737 2436 1803 ad
2491 1735 2754 1820 Bagdad

337 1867 551 1911 mense
595 1846 896 1911 Shawwal
942 1847 1093 1911 anni
1143 1850 1268 1912 748
1315 1846 1439 1928 fug.
1483 1847 1775 1924 accessit3
1822 1847 1976 1930 quia
2019 1845 2217 1910 multo
2264 1851 2411 1911 ante
2459 1844 2591 1909 vias
2621 1842 2755 1908 Me-

342 1951 731 2035 sopotamiae
762 1953 917 2017 satis
947 1958 1373 2036 perspexerat,
1414 1953 1581 2017 viam
1612 1951 2117 2036 Euphratensem
2147 1951 2270 2017 sibi
2301 1971 2550 2017 sumens
2575 1948 2751 2015 dein-

338 2079 484 2141 ceps
528 2059 662 2123 eius
705 2057 893 2123 urbes
931 2046 1189 2135 'Anban
1233 2059 1366 2136 Hit,
1410 2058 1793 2137 Haditham‚
1836 2048 2064 2125 ‘Anam
2088 2057 2496 2142 permigravit
2525 2076 2755 2139 easque

342 2170 603 2248 propter
646 2164 1182 2247 pulchritudinem
1224 2163 1740 2248 fertilitatemque
1786 2187 2079 2249 agrorum
2112 2186 2254 2230 cum
2296 2162 2755 2230 florentissimis

343 2269 606 2336 urbibus
639 2269 865 2336 Sericis
909 2277 1253 2353 comparat.
1330 2270 1484 2336 Inde
1529 2292 1641 2336 er·
1657 2271 1982 2337 Rakabam
2014 2269 2348 2355 profectus,
2379 2292 2567 2354 quam
2613 2269 2755 2353 pul-

338 2376 715 2442 cherrimam
744 2377 964 2441 urbem
994 2377 1052 2443 el
1065 2366 1277 2442 -‘Iaeak
1307 2385 1369 2443 et
1397 2379 1666 2461 primam
1698 2377 1916 2463 Syriae
1946 2378 2243 2462 appellat,
2287 2399 2352 2466 es
2365 2414 2393 2426 -
2411 2375 2756 2453 Sukhnam,

334 2482 554 2547 urbem
597 2482 925 2567 pulchram
973 2483 1370 2550 Christianos
1431 2484 1827 2568 potissimum
1885 2484 2125 2549 incolas
2178 2485 2516 2550 habentem
2563 2482 2757 2547 fonti-

336 2589 582 2672 busque
626 2588 849 2654 calidis
889 2595 951 2654 et
994 2588 1239 2655 balneis
1296 2590 1670 2674 praeditam,
1713 2590 1986 2668 advenit,
2040 2611 2230 2674 porro
2289 2590 2371 2656 ad
2418 2588 2756 2655 Tadmur

333 2695 612 2772 accessit,
646 2717 835 2778 quam
864 2717 1153 2761 versuum
1185 2696 1632 2762 nonnullorum
1676 2717 1754 2761 en
1768 2696 2138 2780 -Nabighae
2167 2702 2391 2780 poetae
2413 2697 2468 2782 3)
2514 2715 2750 2760 memor

334 2801 417 2866 ad
462 2801 854 2868 Salomonem
908 2808 972 2868 et
1028 2802 1243 2884 genios
1304 2802 1579 2880 reducit3
1624 2803 1704 2868 de
1762 2803 1919 2869 urbe
1948 2803 2205 2881 recenti,
2248 2809 2462 2869 utrum
2497 2801 2754 2886 copiosa

340 2914 405 2973 et
447 2906 677 2973 nobilis
719 2908 911 2974 fuerit
969 2928 1195 2986 necne,
1254 2908 1443 2974 verba
1498 2929 1625 2974 non
1681 2907 1855 2974 facit.
1946 2909 2103 2974 Inde
2147 2910 2556 2988 Damascum,
2615 2908 2756 2974 viae

334 3012 542 3091 finem,
586 3014 826 3097 petivit.

509 3136 829 3202 Habemus
896 3139 1097 3216 viam,
1143 3158 1323 3222 quae,
1381 3138 1531 3205 licet
1587 3139 1860 3206 minores
1917 3139 2220 3205 stationes
2279 3140 2544 3206 omissae
2606 3139 2754 3216 sint,

336 3266 386 3310 e.
424 3265 473 3309 c.
508 3244 566 3308 el
583 3279 613 3292 -
628 3242 977 3328 Qarjatain,
1021 3251 1232 3311 tamen
1277 3245 1568 3310 lacunam
1596 3245 1981 3331 Muqaddasi
2026 3253 2193 3313 recte
2224 3252 2288 3312 et
2315 3247 2477 3312 bene
2521 3246 2746 3329 explet.

336 3349 479 3416 Non
505 3355 813 3415 recentem
843 3371 980 3416 eam
1010 3352 1221 3429 fuisse,
1252 3351 1318 3416 id
1348 3357 1791 3435 argumentum
1820 3353 2144 3430 habemus,
2175 3353 2345 3437 quod
2377 3351 2752 3436 generaliter

334 3478 475 3522 cum
506 3457 626 3536 via,
658 3478 847 3541 quam
892 3457 1130 3523 Khalid
1178 3464 1487 3538 tenuerat,
1542 3461 1655 3544 qui
1698 3465 2035 3545 postquam
2080 3459 2472 3545 Euphratem
2515 3458 2751 3542 attigit,

512 3684 552 3753 1)
589 3683 757 3738 Priori
790 3686 909 3739 viae
952 3685 1055 3740 duo
1091 3686 1305 3740 forsitan
1358 3686 1488 3755 loca,
1538 3704 1673 3757 quae
1709 3689 1764 3742 in
1798 3689 2018 3743 historia
2053 3689 2396 3757 expeditionis
2431 3688 2574 3742 illius
2610 3687 2747 3743 Sais-

335 3772 400 3825 ed
415 3771 650 3826 -Daulae
673 3775 1043 3843 memorantur,
1080 3775 1225 3843 putei
1248 3791 1435 3844 nempe
1459 3769 1954 3846 Bi‘r-’Abu-Suada,
1992 3779 2045 3831 et
2069 3770 2278 3832 Lu’lu'a
2299 3777 2575 3832 inserenda
2609 3779 2749 3831 sunt.

334 3860 445 3915 Sita
489 3858 638 3914 e‘rant
672 3861 739 3914 ad
774 3863 1045 3916 meridiem
1080 3879 1286 3932 versus,
1332 3865 1499 3933 spatio
1536 3866 1677 3919 circa
1715 3867 1875 3919 unius
1912 3867 2015 3919 diei
2051 3883 2083 3921 a
2116 3866 2345 3920 Tadmur
2380 3867 2639 3921 distantia.
2678 3897 2745 3905 —-

336 3948 507 4014 Quam
542 3948 593 4002 el
607 3979 630 3989 -
645 3948 826 4003 Harii-i
860 3951 915 4003 in
951 3951 1194 4020 Maqama
1226 3951 1339 4006 XII
1373 3953 1515 4007 viam
1552 3955 1607 4006 in
1646 3953 1941 4009 Samawam
1978 3955 2258 4009 ducentem
2293 3956 2554 4025 describit,
2598 3955 2750 4009 cuius

334 4037 453 4091 finis
489 4038 556 4092 ad
590 4030 781 4093 ‘Anam
816 4041 942 4108 erat,
998 4056 1122 4093 eum
1174 4041 1263 4095 via
1298 4041 1395 4094 Hit
1425 4043 1660 4096 maxima
1695 4058 1764 4095 ex
1815 4046 1962 4111 parte
2017 4046 2318 4113 congruisse
2372 4044 2594 4097 videtur.
2668 4044 2748 4097 De

334 4126 448 4180 eius
482 4127 825 4181 incommodis
862 4129 915 4181 et
951 4128 1345 4185 difficultatibus
1382 4131 1509 4184 satis
1534 4131 1754 4185 verbose
1790 4133 1932 4202 apud
1967 4134 2192 4186 eundem
2229 4134 2534 4201 scriptorem
2558 4134 2747 4203 agitur.

510 4216 551 4284 2)
586 4215 832 4285 Voyages
868 4216 933 4268 de
967 4215 1209 4285 Batouta,
1245 4233 1340 4285 par
1373 4216 1682 4287 Defremery
1717 4220 1771 4273 et
1805 4219 2148 4290 Sanguinem,
2186 4223 2225 4275 t.
2260 4222 2353 4275 IV.
2393 4239 2442 4289 p.
2483 4222 2600 4275 314.

511 4304 552 4371 3)
589 4303 726 4356 Vide
762 4306 920 4372 caput
954 4304 1296 4374 subsequens.
