3250 4684
1710 247 1796 310 20

542 455 663 522 filii
694 457 969 534 Murrae,
1013 456 1080 521 in
1126 455 1397 522 Haut-an
1439 457 1762 522 montibus
1806 460 2148 540 occupatus
2192 454 2478 520 celeriter
2508 475 2649 519 cum
2678 454 2798 518 hoc
2826 475 2988 537 pac-

542 571 645 629 tus
691 571 804 641 est,
848 570 923 630 ut
963 563 1401 648 periculosiori
1445 563 1614 629 hosti
1675 563 2011 628 resisteret.
2106 561 2233 627 Ubi
2290 562 2397 626 vix
2454 560 2537 625 ad
2581 558 2777 624 Hims
2834 582 2988 644 per-

544 671 732 748 venit,
754 692 795 736 a
819 677 997 753 tergo
1023 670 1400 735 Damasceni
1429 676 1905 753 procuratorem
1930 668 2117 734 modo
2137 655 2687 733 institutum'Abu
2701 665 2986 733 Ghanim

543 797 689 842 cum
713 776 970 842 asseclis
994 775 1288 842 occidunt
1301 802 1318 853 ;
1343 776 1536 859 paulo
1559 782 1706 859 post
1727 763 1893 841 'Abu
1918 774 2325 840 Muhammad
2348 774 2537 840 simul
2559 795 2702 838 cum
2723 759 2986 838 ’Abu-l-

540 882 760 959 Ward,
807 903 1076 965 quorum
1107 882 1419 947 exercitus
1449 883 1578 947 iam
1624 882 2054 966 quadraginta
2099 881 2300 946 millia
2330 880 2605 945 militum
2647 878 2983 956 efficiebat,

540 977 1144 1066 ‘Abd-el-Samad,
1188 988 1450 1054 fratrem
1492 976 1935 1064 ‘Abel-'Allan
1994 988 2076 1053 ad
2122 973 2812 1072 Mardj-el-'Akhram
2870 986 2985 1049 de-

542 1096 755 1160 vincit.
848 1095 1067 1161 Denuo
1112 1101 1326 1161 autem
1372 1095 1456 1160 ab
1498 1084 1710 1160 ‘Abd-
1727 1081 1941 1159 'Anah
1986 1094 2204 1159 eodem
2264 1094 2402 1159 loco
2461 1098 2815 1176 pugnatum
2861 1098 2980 1168 est,

547 1209 613 1266 et
654 1209 810 1267 tunc
855 1200 1111 1285 quidem
1155 1222 1472 1285 prospere,
1518 1208 1590 1266 ut
1632 1192 2142 1267 'Abu-l-Ward
2196 1198 2653 1266 interficeretur
2698 1204 2762 1263 et
2806 1185 2981 1263 ’Abu

544 1307 952 1373 Muhammad
996 1307 1276 1372 Tadmur
1320 1308 1792 1390 receptaculum
1836 1313 2118 1390 repetere
2163 1311 2509 1388 cogeretur.
2600 1305 2757 1372 Inde
2800 1309 2982 1388 post-

545 1435 735 1497 quam
790 1414 858 1480 in
915 1413 1305 1497 provinciam
1364 1412 1604 1498 Hidjaz
1651 1414 1928 1497 aufugit,
1984 1419 2289 1496 regnante
2332 1413 2602 1477 Mansur
2653 1411 2746 1479 ibi
2793 1431 2981 1476 neca-

542 1528 647 1585 tus
693 1527 805 1585 est.

720 1624 1001 1691 Tadmur
1043 1626 1245 1710 igitur
1288 1625 1510 1691 urbem
1556 1625 1866 1702 ultimam,
1914 1645 2080 1709 quae
2123 1612 2437 1710 'Umajjae
2488 1624 2780 1708 partibus
2841 1630 2978 1688 stu-

542 1732 775 1810 duerit,
821 1732 1149 1797 nominare
1192 1731 1290 1797 fas
1335 1738 1446 1798 est.
1540 1731 1841 1796 Centrum
1886 1731 2068 1815 quasi
2114 1738 2177 1796 et
2221 1737 2413 1814 caput
2457 1730 2692 1795 decerti
2746 1728 2977 1806 fuerat,

543 1838 722 1904 cuius
762 1837 928 1905 cives
973 1838 1312 1904 bellatores
1356 1839 1559 1921 magis
1605 1860 1798 1922 quam
1828 1844 2206 1903 mercatores
2237 1844 2301 1903 et
2331 1830 2619 1920 quamvis
2651 1837 2808 1902 satis
2835 1835 2978 1901 ani-

541 1945 704 2010 mosi
749 1951 961 2010 tamen
985 1943 1159 2009 haud
1203 1944 1298 2009 ita
1339 1944 1650 2009 fortunati
1681 1949 1880 2009 erant.
1954 1943 2214 2010 Postero
2245 1950 2454 2009 autem
2484 1949 2784 2026 tempore,
2829 1962 2976 2007 cum

543 2050 788 2115 mediae
834 2049 1026 2114 Asiae
1070 2050 1437 2133 provinciae
1480 2048 1708 2115 florere
1752 2055 1816 2115 et
1843 2049 2084 2133 pollere
2129 2049 2500 2133 inciperent,
2546 2049 2731 2133 Syria
2762 2054 2975 2114 autem

543 2157 984 2240 negligeretur,
1031 2156 1313 2221 Tadmur
1342 2156 1411 2221 in
1458 2155 1748 2222 ordinem
1777 2156 2033 2221 urbium
2064 2156 2378 2221 minorum
2422 2156 2677 2239 relapsa
2721 2161 2834 2220 est.
2896 2154 2975 2218 In

548 2262 822 2328 historia
865 2263 1039 2327 illius
1071 2262 1305 2328 aetatis
1335 2282 1447 2346 per
1489 2263 1749 2344 longum
1794 2268 2043 2346 tempus
2073 2262 2209 2328 eius
2239 2282 2468 2327 nomen
2498 2261 2911 2326 desideratur.
2921 2261 2973 2345 1)

543 2367 804 2445 Quoties
870 2375 1083 2435 autem
1141 2366 1336 2433 Hims
1412 2368 1637 2434 turbas
1708 2369 2036 2434 conciebat
2051 2417 2068 2445 ,
2134 2368 2410 2433 Tadmur
2484 2369 2542 2432 ei
2608 2367 2974 2433 adiunctam

546 2473 742 2541 fuisse
787 2475 1038 2558 opinari
1079 2473 1243 2540 licet.
1337 2474 1644 2540 Solebant
1688 2474 1855 2540 enim
1895 2474 2291 2551 rebellioneS,
2352 2474 2976 2557 quantulumcunque

467 2654 471 2658 ,
539 2586 743 2646 totam
772 2581 1090 2647 civitatem
1119 2580 1483 2658 irritabant,
1514 2601 1904 2647 communem
1934 2580 2545 2662 consanguineorum
2575 2580 2975 2646 coalitionem

543 2685 803 2753 efficere.
897 2686 1022 2753 Sed
1067 2686 1166 2753 de.
1190 2686 1460 2770 singulis
1504 2709 1635 2752 non
1679 2687 1899 2781 liquet.
1923 2687 1977 2772 ²)

728 2793 970 2870 Quarto
1015 2793 1268 2858 demum
1311 2791 1500 2876 fugae
1542 2793 1976 2858 Muhammadi
2021 2793 2291 2870 saeculo,
2324 2813 2450 2876 quo
2482 2798 2763 2877 tempore
2791 2792 2974 2859 belli-

543 2921 725 2966 cosus
793 2898 1011 2964 Halab
1080 2900 1376 2982 princeps
1445 2899 1621 2966 Saif-
1638 2899 1717 2965 ed
1731 2935 1760 2948 -
1775 2898 1984 2964 Daula
2052 2899 2136 2964 ad
2204 2898 2696 2983 septentrionem
2759 2920 2971 2964 versus

544 3006 819 3072 Graecos
863 3004 1015 3070 forti
1060 3026 1255 3071 manu
1299 3005 1665 3088 repellebat,
1708 3026 1823 3070 nec
1865 3005 2170 3071 minorem
2200 3005 2563 3071 Badawinis
2596 3005 2828 3071 deserti
2858 3026 2971 3089 pa-

542 3133 754 3178 vorem
798 3111 1166 3188 incutiebat,
1211 3111 1279 3175 in
1325 3111 1710 3196 quibusdam
1753 3110 1989 3177 sodalis
2035 3119 2101 3178 et
2142 3118 2368 3196 poetae
2413 3111 2792 3177 Mutanabbi
2835 3133 2971 3177 car-

542 3218 822 3283 minibus
889 3223 1125 3284 statum
1195 3217 1431 3284 deserti
1486 3217 1868 3284 Tadmureni
1934 3217 2277 3285 artificiose
2333 3223 2397 3283 et
2454 3240 2599 3285 vere
2658 3217 2970 3302 depictum

541 3323 841 3390 videmus.
858 3325 915 3410 ³)

719 3431 856 3496 Iam
911 3452 1080 3496 anno
1129 3433 1254 3496 343
1301 3430 1463 3517 (954
1506 3453 1567 3514 p.
1619 3430 1884 3517 Christ.)
1939 3436 2156 3513 gentes
2199 3430 2395 3496 Kilab
2449 3430 2836 3514 praefectum
2878 3430 2972 3495 la-

541 3537 813 3603 trocinio
895 3536 1171 3620 quodam
1245 3537 1779 3603 exacerbaverant
1863 3542 1927 3603 et
1997 3536 2080 3603 ad
2149 3543 2374 3621 puteos
2443 3537 2537 3603 el·
2557 3536 2846 3602 Gabarat
2912 3540 2973 3601 et

726 3767 765 3835 1)
803 3766 959 3835 Apud
1005 3764 1377 3834 Theophanem
1429 3766 1807 3829 memorantem
1821 3807 1834 3834 ,
1889 3781 1995 3834 qua
2050 3765 2242 3821 duritie
2295 3764 2525 3820 Abdelas
2580 3765 2693 3819 sive
2731 3760 2970 3820 'Abu-1-

543 3847 739 3909 ‘Abbas
785 3854 842 3907 in
887 3854 1209 3908 Christianos
1256 3854 1544 3922 invexerit,
1601 3854 1829 3907 eundem
1878 3854 2121 3908 Aruritas
2170 3855 2227 3906 in
2274 3853 2543 3907 desertum
2595 3854 2971 3922 Palmyrenum

544 3943 808 4012 relegasse
841 3942 1086 4011 legimus.

725 4033 767 4099 2)
805 4029 976 4096 Quam
1014 4030 1323 4084 seditionem
1360 4046 1495 4084 anno
1533 4030 1639 4085 250
1674 4029 1820 4099 (864)
1847 4029 1912 4083 H
1911 4031 2015 4083 ims
2049 4032 2232 4084 contra
2252 4021 2506 4084 Musta‘in
2541 4030 2820 4098 excitabat,
2858 4045 2970 4085 eam

546 4122 712 4177 totam
748 4121 959 4189 gentem
993 4117 1131 4173 Kalb
1167 4118 1235 4172 ad
1270 4134 1417 4173 arma
1453 4119 1745 4173 concitasse
1781 4118 1831 4172 el
1844 4112 2053 4172 -'Athir
2088 4118 2376 4173 confirmat.

724 4210 766 4278 ⁸)
802 4208 922 4263 Duo
960 4208 1194 4262 carmina
1227 4207 1334 4262 huc
1382 4208 1697 4276 pertinentia
1731 4207 1837 4262 vid.
1877 4207 2016 4276 apud
2052 4207 2326 4261 Dieterici:
2364 4207 2692 4262 Mutanabbii
2743 4207 2971 4261 carmina

546 4315 597 4366 p.
624 4298 727 4353 559
752 4297 806 4352 ff.
844 4300 897 4351 et
922 4296 1026 4352 568
1050 4297 1104 4349 ff.
1141 4296 1295 4365 (conf.
1323 4297 1389 4350 de
1425 4294 1590 4366 Sacy:
1631 4296 2053 4352 Chrestomathie
2076 4296 2248 4365 arabe,
2290 4296 2323 4349 2
2348 4296 2471 4350 edit.
2499 4295 2603 4350 vol.
2629 4295 2684 4349 H
2706 4296 2764 4348 in
2789 4296 2969 4365 initio.)

3224 2336 3226 2441 l

3225 2530 3226 2615 l
