3250 4684
1744 280 1784 340 2

547 487 686 552 loco
730 508 982 570 pagano
1027 486 1450 563 ChristianuS,
1496 509 1573 553 ex
1622 487 1903 571 emporio
1950 487 2230 552 Orientis
2288 487 2701 571 municipium
2739 508 2982 551 merca-

547 600 694 659 tura
738 592 868 659 fere
912 613 1133 658 carens
1177 591 1388 657 fiebat.

724 701 976 764 Primae
1033 699 1361 781 religionis
1416 698 1821 764 Christianae
1890 699 2159 782 vestigia
2225 719 2303 763 ex
2363 698 2455 765 IV
2510 698 2746 764 saeculi
2791 698 2979 762 initio

549 805 879 870 exsistunt.
949 807 1133 869 Anno
1184 807 1313 869 325
1360 804 1525 869 inter
1571 805 1897 888 episcopos
1930 805 2201 871 Nicaeae
2242 811 2654 887 congregatos
2694 805 2982 868 Marinus

548 907 960 994 Palmyrenus
1020 911 1400 986 nominatur,
1472 932 1505 975 e
1552 932 1977 975 successorum
2048 912 2209 975 serie
2269 911 2394 975 duo
2449 910 2775 975 Johannes
2845 911 2982 974 noti

549 1024 711 1092 sunt,
774 1037 1042 1099 quorum
1103 1017 1279 1100 prior
1336 1017 1404 1080 in
1458 1017 1811 1100 protocollo
1869 1018 2120 1081 concilii
2168 1038 2338 1081 anno
2399 1020 2526 1080 451
2590 1015 2985 1081 Chalcedone

547 1122 756 1187 habiti
803 1129 867 1188 et
909 1122 1027 1187 sub
1087 1122 1318 1187 litteris
1388 1123 1772 1205 quibusdam
1819 1144 1875 1186 a.
1926 1126 2052 1186 457
2103 1122 2181 1186 de
2226 1122 2513 1187 Proterio
2572 1128 2850 1206 martyre
2896 1123 2982 1185 ad

548 1228 823 1293 Leonem
883 1229 1329 1311 imperatorem
1390 1228 1577 1305 datis,
1640 1229 1738 1293 bis
1799 1250 1912 1312 per
1972 1250 2229 1293 manum
2288 1228 2620 1303 Theodori,
2682 1228 2980 1292 Damasci

546 1335 1002 1417 metropolitae,
1049 1333 1439 1417 subscripsit,
1461 1336 1511 1419 1)
1570 1335 1734 1398 alter
1778 1355 1818 1398 a
1863 1333 2116 1398 Justino
2176 1335 2557 1416 imperatore
2603 1333 2792 1397 simul
2837 1354 2982 1396 cum

545 1442 856 1524 episcopis
886 1439 1403 1523 monophysiticis
1428 1439 1468 1504 J
1470 1439 1720 1504 ohanne
1750 1439 1828 1504 de
1852 1441 2201 1504 Hewwarin
2226 1439 2297 1525 2),
2329 1439 2570 1503 Thoma
2595 1438 2674 1503 de
2712 1439 2981 1515 Jahrstfl,

547 1545 908 1611 Alexandro
955 1546 1032 1609 de
1065 1546 1255 1611 Abila
1299 1545 1444 1609 sede
1489 1544 1767 1610 deiectus
1813 1552 1876 1610 et
1919 1547 2234 1630 relegatus
2282 1552 2377 1609 est
2413 1568 2469 1609 a.
2507 1547 2718 1629 518⁸)
2796 1545 2979 1609 Addo

548 1654 888 1735 Georgium
936 1652 1268 1735 quendam,
1312 1651 1390 1716 de
1422 1673 1545 1735 quo
1577 1650 1745 1716 infra
1769 1651 2173 1743 tractabitur.
2249 1651 2459 1727 Quare
2502 1651 2666 1715 nihil
2697 1652 2982 1735 impedit,

544 1758 879 1841 quominus
939 1758 1161 1823 seriem
1224 1759 1589 1823 continuam
1635 1759 1720 1823 ad
1778 1758 2033 1822 initium
2092 1757 2341 1840 imperii
2387 1757 2737 1822 Muslemici
2782 1758 2983 1840 perti-

545 1869 793 1929 nentem
840 1864 1318 1928 constituamus

721 1968 898 2046 Quae
952 1971 1330 2053 propagatio
1395 1969 1722 2051 religionis
1793 1967 2214 2046 Christianae,
2282 1990 2424 2032 cum
2484 1969 2721 2034 cultum
2795 1968 2980 2045 Solis,

543 2076 695 2141 olim
739 2076 1073 2160 Palmyrae
1116 2081 1251 2139 tam
1296 2073 1722 2153 magnificum,
1765 2081 1840 2139 ut
1883 2075 2019 2157 ipse
2056 2074 2439 2140 Aurelianus
2492 2076 2773 2139 numinis
2818 2075 2977 2139 laesi

540 2183 702 2247 iram
726 2182 1171 2264 pertimescens
1190 2181 1495 2265 templum
1515 2180 1800 2245 dirutum
1815 2200 2114 2263 reparare
2130 2181 2427 2257 studeret,
2454 2181 2740 2247 celeriter
2759 2181 2980 2264 oppri-

543 2297 759 2363 meret,
804 2287 888 2351 ad
934 2286 1398 2352 obliterandam
1457 2287 1760 2369 antiquae
1806 2287 1982 2351 urbis
2040 2293 2333 2352 naturam
2392 2287 2662 2352 multum
2708 2288 2978 2352 valffat.

544 2394 873 2475 Templum
921 2393 1103 2470 Solis,
1165 2392 1353 2476 quod,
1399 2400 1472 2457 ut
1530 2415 1608 2458 ex
1669 2390 2007 2457 ruderibus
2063 2393 2564 2475 cognoscendum
2625 2400 2739 2469 est,
2798 2393 2987 2458 facile

542 2500 815 2583 primum
847 2497 1129 2564 Orientis
1162 2499 1384 2575 fuerat,
1430 2498 1688 2581 quando
1729 2498 2010 2563 clausum
2059 2499 2160 2575 sit,
2206 2498 2515 2564 traditum
2547 2520 2675 2563 non
2708 2505 2823 2574 est,
2873 2499 2986 2563 sed

543 2627 686 2670 cum
719 2604 1139 2672 Constantino
1187 2605 1448 2689 eiusque
1480 2605 1946 2670 successoribus
1982 2605 2398 2687 regnantibus
2431 2604 2697 2670 delubra
2726 2625 2982 2688 pagana

543 2711 825 2776 studiose
868 2710 1313 2777 clauderentur
1330 2711 1386 2797 4)
1429 2717 1543 2776 aut
1588 2709 1975 2775 Christianis
2020 2712 2492 2792 praeberentur,
2536 2712 2981 2795 Palmyrenum

544 2823 711 2881 certe
754 2818 825 2881 in
868 2816 996 2883 fine
1041 2817 1280 2882 saeculi
1326 2818 1540 2899 quarti
1586 2816 2096 2882 Christianorum
2141 2816 2280 2881 fuit.

719 2922 877 2987 Cum
923 2944 1000 2987 ex
1044 2923 1232 2987 celeri
1273 2922 1599 3004 religionis
1647 2921 2050 2996 Christianae
2094 2922 2362 2987 victoria
2407 2921 2753 2987 deminutio
2799 2923 2979 2988 urbis

542 3030 732 3092 antea
776 3028 1029 3110 penitus
1085 3049 1376 3110 paganae
1432 3028 1809 3094 antecedens
1868 3028 2158 3092 concludi
2205 3029 2425 3110 possit,
2484 3029 2688 3110 magis
2743 3049 2820 3093 ex
2865 3029 2979 3093 illa

543 3134 897 3199 commercii
944 3134 1367 3199 declinatione
1397 3135 1685 3217 potentia
1716 3134 2045 3198 tabescens
2076 3141 2360 3217 apparet,
2409 3136 2709 3218 quoniam
2739 3156 2981 3198 merca-

543 3245 755 3330 torum
801 3238 1031 3322 agendi
1077 3239 1244 3304 ratio
1292 3260 1535 3322 semper
1580 3246 1817 3304 certam
1861 3260 2072 3303 rerum
2103 3262 2463 3305 mensuram
2505 3241 2782 3324 praebet.
2855 3241 2980 3305 Via

542 3345 828 3429 antiqua,
901 3367 1028 3428 qua
1092 3346 1428 3431 Palmyrae
1494 3366 1647 3428 opes
1715 3352 1966 3411 creatae
2037 3352 2239 3421 erant,
2307 3346 2476 3411 unde
2543 3347 2834 3423 oriretur,
2901 3368 2980 3411 ex

541 3451 1063 3534 inscriptionibus
1109 3452 1331 3517 elucet.
1412 3452 1470 3515 A
1504 3451 1841 3533 Vologesia
1863 3452 1915 3535 5)
1962 3460 2024 3517 et
2056 3451 2279 3517 Karka
2300 3452 2371 3536 6),
2418 3451 2527 3516 ubi
2573 3453 2977 3518 commutatio

720 3706 760 3774 ¹)
794 3706 870 3760 Le
907 3705 1104 3772 Quien:
1166 3705 1353 3759 Oriens
1391 3703 1722 3758 Christianus
1758 3705 1826 3758 H.
1865 3705 1987 3759 845.

717 3794 759 3862 2)
797 3794 932 3848 Cum
967 3793 1246 3847 Assemani
1291 3794 1479 3846 urbem
1526 3792 1699 3847 Haras
1746 3793 1957 3847 tabulae
2003 3794 2441 3864 Peutingerianae
2496 3795 2791 3862 comparet,
2848 3794 2976 3848 satis

541 3883 760 3936 evidens
798 3884 893 3950 est,
931 3881 1273 3935 Huwwarain
1307 3882 1381 3935 ibi
1417 3881 1717 3950 significari.

719 3970 761 4038 ³)
798 3970 965 4023 Locos
1000 3970 1109 4022 huc
1146 3971 1444 4037 spectantes
1481 3984 1564 4037 ap.
1604 3970 1908 4024 Assemani:
1963 3970 2045 4023 De
2080 3970 2479 4039 Monophysitis.

718 4057 760 4121 4)
795 4056 1071 4125 Templum
1108 4056 1555 4126 Heliopolitanum
1602 4057 2006 4111 celeberrimum
2053 4058 2339 4113 Theodosio
2389 4060 2678 4127 imperanto
2716 4057 2972 4111 Chronico

541 4143 789 4199 Paschali
827 4146 961 4198 teste
1000 4144 1244 4199 clausum
1281 4149 1364 4199 est
1381 4187 1394 4214 ,
1443 4163 1476 4200 a
1512 4147 1851 4201 Constantino
1889 4163 1971 4200 ex.
2013 4164 2057 4200 c.
2094 4148 2352 4216 templum
2387 4148 2611 4201 Veneris
2650 4146 2977 4214 Aphacense.

715 4233 757 4297 ⁵)
795 4231 947 4301 Corp.
984 4233 1126 4287 Insc.
1165 4234 1348 4290 Graec.
1387 4235 1467 4288 ed.
1504 4234 1690 4289 Boekh
1725 4235 1881 4289 4489.

717 4320 759 4387 6)
797 4319 1010 4389 Vogiic:
1067 4322 1410 4391 Inscriptions
1447 4322 1766 4392 Semitiques
1801 4325 1842 4378 Ι.
1882 4325 1931 4377 6.
