3250 4684
1486 255 1565 317 13

472 466 593 530 Hic
660 464 915 548 quidem
980 465 1231 528 itineris
1293 465 1498 530 exitus
1564 464 1738 547 apud
1795 461 2146 527 Beladhuri
2190 469 2311 539 est;
2381 460 2552 544 apud
2597 449 2741 525 'Ibn

275 571 525 636 Wadih
550 571 620 648 ¹),
667 571 779 655 qui
811 571 939 635 alio
984 569 1158 635 fonte
1203 592 1353 635 usus
1400 578 1512 648 est,
1559 570 1900 652 descriptio
1945 567 2364 652 expeditionis
2408 567 2566 632 haec
2609 564 2742 633 fere

278 685 420 744 est:
478 675 721 742 Khalid
778 677 1052 761 primum
1113 677 1182 740 in
1237 677 1566 742 castellum
1635 665 1785 740 ‘Ain
1803 682 2132 740 -et-tamr
2197 674 2500 757 impetum
2568 674 2742 750 facit,

285 783 471 868 quod
515 789 856 867 postquam
892 784 1060 867 cepit
1088 783 1522 867 proeliumque
1567 805 1706 847 cum
1740 787 1925 864 gente
1967 779 2239 864 Taghlib
2282 778 2614 854 commisit,
2658 778 2743 843 ad

285 877 668 956 el-'Anbar
713 888 1135 974 proficiscitur
1179 889 1423 976 (urbem
1469 910 1637 954 anno
1689 891 1769 952 12
1815 886 2063 953 secund.
2114 886 2480 952 et-Tabari
2525 884 2604 949 ΙΙ.
2656 887 2740 951 58

286 1018 334 1060 a
382 995 628 1061 Khalid
658 995 1162 1081 expugnatam),
1222 995 1391 1060 unde
1442 1017 1557 1079 per
1615 994 1893 1058 medium
1951 994 2266 1058 desertum
2327 1013 2402 1056 ac
2458 984 2739 1056 Tadmur

289 1102 521 1190 urbem
565 1103 868 1185 pervenit.
966 1102 1169 1166 Porro
1229 1101 1311 1166 ad
1358 1099 1633 1169 Hauran
1680 1100 1933 1186 (melius
1986 1098 2256 1164 fortasse
2299 1096 2741 1180 Huwwarain)

291 1230 675 1292 progressus
719 1209 964 1292 proelio
1011 1229 1155 1272 cum
1200 1208 1424 1273 incolis
1469 1207 1747 1272 dimicat.

478 1315 713 1380 Itinere
758 1312 1002 1379 Khalid
1069 1314 1139 1377 in
1209 1313 1489 1395 generali
1547 1312 1853 1396 exposite,
1920 1332 2013 1388 ea,
2081 1332 2243 1395 quae
2312 1309 2395 1375 ad
2464 1308 2746 1374 Tadmur

296 1420 594 1497 attinent,
640 1422 997 1485 accuratius
1042 1419 1632 1501 demonstrabimus.

483 1525 611 1591 Ubi
654 1527 735 1592 ab
781 1514 1002 1603 'Arak,
1046 1533 1120 1590 ut
1167 1533 1484 1610 putamuS,
1529 1525 1816 1608 equitum
1872 1544 2098 1606 agmen
2144 1523 2228 1587 ad
2273 1522 2552 1587 Tadmur
2596 1543 2746 1606 pro-

302 1622 512 1709 cessit,
571 1653 735 1715 quae
792 1633 946 1698 urbs
1003 1633 1198 1698 etiam
1253 1639 1390 1696 tum
1447 1638 1641 1714 caput
1697 1630 1878 1713 quasi
1941 1629 2170 1694 deserti
2232 1629 2425 1694 fuisse
2478 1629 2746 1706 videtur,

304 1739 555 1803 incolae
623 1760 689 1804 se
752 1739 925 1804 intra
992 1759 1206 1803 muros
1274 1743 1648 1821 receperunt
1720 1743 1783 1800 et
1848 1756 1964 1819 pro
2031 1736 2273 1800 viribus
2342 1757 2408 1800 se
2470 1756 2749 1800 commu-

302 1844 615 1910 niverunt.
716 1844 1031 1910 Videntur
1090 1864 1237 1926 ergo
1297 1852 1432 1907 tum
1492 1842 1722 1907 veteris
1779 1841 1955 1906 urbis
2013 1841 2346 1907 circuitum
2391 1848 2595 1906 totum
2647 1841 2748 1904 in-

307 1951 592 2026 coluisse,
647 1951 797 2016 licet
852 1952 1123 2034 sparsim
1184 1949 1636 2026 habitaverint,
1697 1955 1762 2013 et
1818 1969 1981 2031 quae
2037 1949 2287 2013 moenia
2348 1947 2389 2012 J
2392 1948 2748 2012 ustinianus

307 2062 770 2133 construxerat,
835 2078 911 2122 ea
968 2056 1255 2121 celeriter
1314 2076 1645 2139 reparasse
1708 2060 1772 2119 et
1830 2052 2199 2118 defendisse.
2306 2051 2549 2119 Khalid
2608 2074 2749 2117 cum

308 2169 442 2227 tam
487 2160 738 2227 firmum
782 2162 1111 2227 castellum
1153 2162 1500 2244 praeterire
1537 2183 1703 2226 eum
1750 2181 1877 2225 non
1934 2166 2273 2244 oporteret,
2317 2167 2466 2225 ante
2533 2174 2751 2244 portas

312 2268 610 2333 consedit.
707 2268 1058 2333 Secundum
1105 2267 1306 2351 Jaqut
1328 2268 1401 2353 2),
1449 2267 1559 2350 qui
1608 2266 1687 2331 de
1730 2266 1953 2349 primis
2002 2265 2284 2331 Arabum
2328 2266 2748 2349 expugnatio-

312 2374 498 2439 nibus
560 2374 718 2440 bene
777 2374 1083 2439 adnotare
1135 2374 1315 2450 solet,
1374 2373 1530 2437 haec
1573 2373 1852 2437 minatus
1907 2392 2041 2436 esse
2102 2372 2352 2448 dicitur,
2410 2377 2750 2455 postquam

310 2478 547 2544 frustra
605 2480 770 2545 cives
827 2480 910 2544 ad
972 2480 1355 2545 deditionem
1400 2479 1678 2544 vocavit:
1738 2479 1859 2542 Per
1904 2478 2108 2554 deum,
2150 2500 2187 2542 o
2232 2477 2634 2556 Tadmureni,
2695 2479 2749 2542 si

314 2586 380 2649 in
424 2585 700 2650 nubibus
746 2585 951 2650 abditi
997 2586 1234 2661 esseti8‚
1292 2607 1401 2650 vos
1446 2606 1818 2668 assequerer
1878 2586 2159 2668 deusque
2202 2606 2303 2650 me
2347 2583 2524 2649 vobis
2569 2606 2752 2666 supe-

315 2692 546 2757 riorem
592 2692 842 2756 faceret.
947 2690 1089 2756 Nisi
1136 2712 1286 2774 ergo
1332 2691 1552 2757 foedus
1597 2691 1794 2767 initis,
1838 2697 2006 2756 certe
2049 2690 2289 2767 redib0,
2348 2690 2465 2755 etsi
2506 2711 2584 2754 ex
2630 2691 2752 2754 hoc

314 2799 448 2863 loco
517 2798 892 2875 discessero3
975 2805 1108 2863 tum
1191 2798 1414 2863 urbem
1488 2805 1759 2863 vestram
1835 2795 2132 2873 introibe,
2200 2817 2315 2861 nec
2379 2797 2751 2880 priusquam

315 2904 575 2969 maritos
623 2903 1013 2980 interfecerO,
1074 2904 1308 2968 liberos
1362 2903 1646 2986 captivos
1691 2902 2043 2979 reddidero,
2096 2903 2413 2967 desistam.
2507 2901 2751 2978 Quibus
2841 2886 2846 2889 v

316 3009 522 3075 verbis
565 3009 834 3093 permoti
882 3010 1046 3075 cives
1094 2992 1235 3075 cum
1282 3030 1354 3074 eo
1399 3007 1717 3093 pacificati
1771 3016 1919 3074 sunt
1963 3029 2037 3072 ea
2083 3008 2463 3085 conditione,
2519 3014 2590 3073 ut
2633 3008 2751 3072 tri—

317 3116 535 3181 butum
579 3116 822 3181 darent.
902 3117 1277 3181 Accuratius
1323 3116 1424 3180 el·
1439 3114 1789 3180 Beladhuri
1837 3121 2076 3191 narrat,
2123 3136 2227 3179 eos
2272 3115 2340 3178 in
2385 3113 2742 3179 clientelam

319 3242 447 3288 esse
501 3228 811 3305 acceptos,
858 3244 1021 3306 quae
1082 3222 1246 3287 ratio
1300 3222 1471 3305 apud
1528 3221 1925 3286 Christianos
1983 3227 2048 3286 et
2075 3241 2080 3247 ·
2103 3220 2144 3285 J
2147 3219 2381 3286 udaeos
2438 3221 2752 3285 subiectos

319 3329 553 3393 usitata
613 3335 780 3405 erat3
834 3349 1029 3412 porro
1088 3335 1160 3393 ut
1204 3328 1534 3393 Muslimos
1591 3327 1763 3410 apud
1826 3348 1894 3393 se
1938 3333 2329 3392 assumerent
2379 3333 2753 3409 partemque

322 3455 616 3516 agrorum
661 3434 744 3499 iis
788 3435 1214 3500 attribuerent
1256 3435 1479 3499 ducem
1526 3454 1659 3498 esse
1703 3439 1978 3516 pactum.

490 3539 706 3605 Facile
763 3538 864 3603 his
927 3564 1005 3606 ex
1072 3540 1541 3605 conditionibus
1610 3539 2072 3622 cognoscimuS,
2141 3546 2449 3623 quantum
2506 3536 2750 3602 Khalid

324 3643 495 3709 ducis
549 3645 937 3722 interfuerit,
996 3653 1067 3711 ut
1119 3645 1398 3710 Tadmur
1454 3646 1680 3711 urbem
1736 3644 2005 3710 firmiter
2062 3651 2332 3722 teneret3
2401 3645 2523 3709 hac
2584 3643 2754 3708 enim

324 3749 474 3817 urbe
535 3759 722 3835 capta
781 3753 972 3818 etiam
1026 3752 1194 3817 viam
1253 3753 1421 3817 inter
1465 3752 1715 3836 Syriam
1778 3757 1842 3817 et
1901 3752 1958 3815 el
1971 3740 2176 3835 -‘Iraq
2231 3751 2561 3816 ducentem
2623 3749 2753 3814 fere

326 3857 679 3940 expeditam
723 3858 1105 3941 possidebat.
1198 3857 1530 3923 Coloniam
1578 3865 1788 3923 autem
1839 3858 2017 3923 illam
2061 3857 2503 3922 Muslimorum
2550 3857 2755 3922 omni-

326 3962 437 4028 bus
481 3964 726 4029 viribus
770 3965 1185 4042 contendisse,
1246 3970 1319 4028 ut
1362 3963 1552 4028 fidem
1597 3964 2029 4030 Muhammadi
2074 3986 2189 4030 nec
2247 3985 2372 4029 non
2428 3963 2753 4028 nationem

494 4209 533 4278 1)
570 4202 686 4263 ’Ibn
721 4210 918 4263 Wadilz
955 4210 1216 4264 Historiae
1254 4210 1334 4263 ed.
1374 4211 1639 4265 Houtsma
1672 4211 1742 4263 II.
1785 4211 1885 4263 149
1910 4211 1965 4262 f.

491 4301 532 4366 2)
575 4297 685 4351 Sub
724 4314 853 4352 voce
897 4298 1209 4364 „Tadmur“.
