3250 4684
1703 257 1747 315 4

510 485 701 547 quam
759 462 1020 540 Arabes,
1094 464 1205 528 sed
1264 462 1703 527 Amalecenses
1759 463 1972 528 nomin
1981 470 2094 528 ant
2102 488 2120 541 ;
2188 462 2604 528 nihilominus
2664 463 2942 547 scriptor

507 570 665 635 satis
711 577 1065 647 accuratus,
1122 568 1180 636 el
1195 606 1224 618 -
1238 567 1512 655 Bakri1)
1561 575 1838 646 enarrat,
1893 567 2060 634 filios
2120 569 2296 635 Salih
2341 593 2375 634 e
2418 577 2603 652 gente
2662 570 2943 636 Arabica

510 665 757 752 Quda‘a
818 676 1063 761 equites
1133 677 1612 759 praefectosque
1684 676 1943 758 reginae
2009 674 2321 741 Zenobiae
2397 675 2611 742 fuisse.
2715 675 2943 741 Nonne

508 780 811 849 credibile
856 790 970 859 est,
1015 782 1327 848 exercitus
1388 782 1534 847 illos
1579 802 1866 864 magnOS‚
1912 782 2144 866 quibus
2188 782 2274 847 ad
2319 788 2568 867 tempus
2613 783 2943 866 Aegyptus

509 894 572 953 et
617 889 800 972 Syria
860 888 1145 953 subiecta
1204 888 1602 965 tenebantur,
1664 909 1883 953 revera
1938 910 2016 953 ex
2073 888 2297 953 incolis
2353 888 2587 953 deserti
2648 887 2942 954 Arabicis

507 995 887 1078 compositos
947 996 1120 1059 esse?
1212 992 1371 1059 Cum
1434 1016 1511 1058 ex
1571 994 1840 1059 saeculis
1885 993 2420 1077 subsequentibus
2475 994 2690 1059 omnia
2735 994 2944 1060 desint

509 1100 902 1178 documenta,
961 1108 1241 1184 tempore
1286 1099 1655 1165 Muslemico
1702 1101 1944 1165 Arabes
2006 1100 2126 1165 soli
2170 1100 2236 1164 in
2298 1099 2456 1165 urbe
2511 1101 2939 1165 nominantur.

686 1224 1050 1290 Notandum
1121 1226 1390 1301 videtur,
1450 1246 1491 1288 a
1535 1224 1618 1288 M.
1667 1224 1745 1288 de
1792 1221 2014 1306 Vogiie
2072 1224 2140 1288 in
2197 1223 2719 1307 inscriptionibus
2781 1245 2944 1289 non-

507 1332 686 1396 nulla
717 1332 977 1396 nomina
1008 1330 1269 1396 Iudaica
1302 1339 1556 1414 reperta
1586 1352 1739 1397 esse.
1811 1329 1943 1395 Nec
1973 1336 2184 1395 tamen
2217 1328 2257 1393 J
2261 1329 2607 1395 udaeorum
2640 1352 2943 1412 magnum

507 1459 839 1502 numerum
867 1438 934 1502 in
981 1438 1140 1503 urbe
1182 1437 1531 1502 censedisse
1574 1443 1810 1519 putem,
1855 1436 2091 1520 quippe
2134 1457 2277 1501 cum
2322 1435 2767 1514 Tharmudaei‚
2813 1458 2941 1521 quo

507 1544 761 1609 nomine
818 1544 886 1608 in
932 1542 1201 1608 Talmud
1246 1542 1608 1627 Palmyreni
1655 1540 2003 1625 significari
2050 1542 2272 1618 solent,
2296 1544 2347 1626 2)
2405 1543 2557 1607 olim
2600 1549 2734 1607 tam
2778 1542 2945 1608 male

507 1650 823 1727 audirent,
854 1656 929 1715 ut
972 1671 1051 1715 ne
1095 1648 1453 1733 proselytae
1484 1648 1742 1733 quidem
1787 1669 1865 1713 ex
1909 1649 1989 1712 iis
2044 1655 2458 1714 sumerentur.
2480 1648 2533 1735 3)

694 1774 1033 1840 Veniamus
1089 1773 1172 1838 ad
1230 1794 1410 1838 raros
1467 1773 1725 1837 nuntios
1796 1772 2131 1837 historiam
2198 1772 2533 1857 Palmyrae
2602 1793 2801 1856 usque
2859 1772 2943 1836 ad

507 1901 746 1945 annum
790 1883 920 1945 634
963 1879 1368 1963 pertinentes.
1458 1879 1535 1943 In
1580 1876 1864 1956 „Notitia
1909 1878 2296 1961 dignitatum
2339 1877 2589 1962 imperii
2635 1877 2945 1944 Romani“

507 1985 863 2064 „Palmira“
908 1986 1074 2050 inter
1119 1984 1309 2049 urbes
1355 1984 1699 2050 Phoenices
1724 1985 1781 2069 4)
1837 1978 2228 2062 numeratur,
2276 2006 2439 2069 quae
2481 1985 2656 2067 regio
2702 1990 2945 2049 terram

505 2093 674 2157 inter
705 2091 1148 2157 Antilibanum
1180 2097 1243 2155 et
1272 2091 1637 2175 Palmyram
1670 2090 1859 2171 sitam
1890 2089 2464 2174 comprehendebat
2493 2090 2692 2177 (ultra
2721 2091 2943 2156 urbem

508 2206 571 2263 et
599 2198 685 2263 ad
715 2198 1023 2264 orientem
1068 2204 1131 2263 et
1174 2197 1634 2281 septentriones
1665 2218 1882 2261 versus
1914 2196 2098 2281 Syria
2129 2196 2311 2282 erat).
2379 2197 2714 2280 Palmyrae
2743 2197 2944 2279 igitur

505 2304 673 2386 legio
706 2303 737 2368 I
781 2303 1184 2388 Illyricorum
1230 2302 1538 2368 collocata
1584 2309 1723 2368 erat
1767 2302 1884 2367 sub
1917 2303 2337 2386 dispositione
2368 2301 2545 2367 ducis
2575 2302 2941 2368 Phoenices.

503 2408 682 2488 Quae
722 2411 1000 2475 militum
1043 2409 1244 2493 copia,
1291 2416 1595 2492 quantam
1642 2416 1894 2493 praeter
1932 2408 2271 2474 Danabam
2315 2408 2536 2476 urbem
2582 2409 2761 2474 nulla
2807 2409 2939 2473 eius

502 2516 809 2582 territorii
841 2517 996 2582 urbs
1020 2515 1319 2592 habebat,
1350 2516 1766 2599 imperatores
1800 2536 2106 2580 summam
2138 2513 2285 2579 finis
2310 2515 2638 2581 orientalis
2662 2515 2940 2599 curam5)

500 2622 866 2688 adhibuisse
925 2622 1085 2687 mihi
1156 2622 1429 2705 probare
1496 2621 1778 2699 videtur3
1839 2622 2224 2705 singularem
2292 2621 2626 2706 Palmyrae
2693 2621 2939 2703 magni-

680 2798 718 2868 1)
754 2798 988 2852 Loxicon
1026 2798 1436 2867 geographicum
1472 2799 1686 2852 auctore
1724 2795 1969 2851 el·Bakr‘i
2008 2797 2086 2851 ed.
2126 2795 2481 2850 Wiistenfeld.
2519 2814 2571 2865 p.
2612 2797 2694 2851 19.

676 2886 718 2955 2)
754 2886 868 2941 Hoc
905 2902 1095 2940 nomen
1131 2903 1235 2940 non
1272 2903 1341 2940 ex
1377 2886 1510 2940 falsa
1560 2885 1785 2939 lectione
1840 2889 2030 2953 ortum,
2078 2886 2172 2939 sed
2223 2885 2365 2954 apud
2406 2885 2441 2938 J
2441 2884 2638 2939 udaeos
2682 2887 2940 2939 usitatum

496 2991 613 3029 esse
627 3016 641 3043 ,
698 2991 759 3029 eo
797 2974 1137 3029 confirmatur
1150 3016 1164 3043 ,
1223 2975 1364 3043 quod
1413 2974 1677 3028 Eusebius
1724 2976 1778 3027 et
1824 2973 2186 3042 Hieronymus
2236 2970 2509 3044 Θερμοώθ·
2555 2975 2609 3026 et
2652 2973 2940 3027 Thermoth

495 3064 745 3119 scribant.

674 3152 718 3218 ⁸)
752 3152 1063 3206 Neubauer:
1118 3151 1197 3205 La
1232 3149 1545 3221 geographie
1583 3152 1648 3204 de
1685 3151 1955 3205 Talmoud.
1993 3150 2161 3219 PariS,
2201 3149 2354 3205 1868.
2410 3150 2452 3204 Ι.
2490 3168 2543 3219 p.
2583 3151 2683 3205 301
2724 3151 2758 3203 f.
2832 3150 2935 3203 Hic

494 3257 686 3295 nomen
721 3240 990 3295 Tharmud
1026 3240 1092 3293 de
1127 3240 1388 3294 industria
1423 3240 1772 3308 depravatum
1811 3239 1955 3308 vult,
2011 3241 2073 3291 ut
2106 3239 2368 3308 lippitudo
2404 3238 2695 3293 incolarum
2743 3254 2935 3292 secun-

494 3330 622 3382 dum
663 3328 823 3382 Hillel
860 3329 945 3382 his
980 3328 1191 3382 addicta
1226 3328 1387 3382 verbo
1425 3328 1821 3398 significaretur.
1897 3327 2209 3396 Suspicatur
2256 3327 2416 3381 etiam
2465 3326 2623 3381 aliam
2671 3327 2801 3392 vim,
2851 3327 2933 3379 in-

493 3419 742 3472 cursandi
783 3433 992 3486 nempe,
1033 3417 1174 3486 quod
1211 3416 1520 3485 Palmyreni
1557 3417 1711 3470 toties
1748 3418 1802 3468 in
1841 3416 2182 3469 finitimorum
2220 3417 2415 3469 terram
2450 3415 2880 3469 incursavissent.

669 3509 712 3575 ⁴)
749 3505 898 3560 Land
934 3506 989 3558 in
1028 3505 1491 3573 commentatione:
1554 3504 1896 3558 Arama'ische
1942 3503 2239 3572 Alphabete
2293 3520 2390 3557 aus
2438 3503 2559 3556 dem
2615 3504 2739 3557 9ten
2774 3503 2808 3555 J
2810 3503 2931 3557 ahr-

487 3595 723 3648 hundert
761 3593 981 3664 (ZDMG
1014 3592 1197 3647 XXII.
1239 3592 1364 3658 549)
1400 3592 1741 3673 alphabetum
1778 3593 2043 3662 quoddam
2099 3592 2269 3645 adfert
2326 3591 2718 3645 Tadmmenum
2784 3593 2930 3657 „sive

486 3683 888 3751 Phoenicium“‚
927 3682 1067 3752 quod
1103 3683 1165 3735 ut
1201 3681 1513 3749 explicetur,
1550 3682 1606 3734 in
1644 3681 2003 3749 manuscripto
2040 3680 2277 3734 additur:
2315 3680 2545 3734 Tadmur
2570 3680 2626 3732 id
2653 3682 2734 3733 est
2757 3679 2948 3733 Phoe-'

486 3772 606 3825 nice
647 3771 845 3840 Syriae.
922 3769 1070 3836 Quae
1106 3770 1320 3823 nomina
1367 3770 1662 3839 ignorantia
1707 3770 1909 3824 scribae
1959 3770 2179 3823 confusa
2225 3784 2341 3822 esse
2393 3784 2580 3822 censeo
2596 3810 2609 3837 ,
2667 3768 2808 3837 (111οᾱ
2841 3767 2932 3821 1110

485 3863 721 3928 tempore
758 3872 947 3912 nomen
974 3858 1256 3926 Phoenice,
1297 3858 1464 3913 doctis
1500 3860 1710 3912 tantum
1746 3860 1949 3923 notum,
1986 3857 2107 3911 urbi
2132 3857 2387 3911 Arabicae
2418 3856 2653 3911 Tadmur
2687 3855 2927 3911 additum

486 3964 604 4002 esse
642 3947 894 4001 credibile
932 3963 1036 4001 non
1073 3949 1170 4001 est.

661 4038 703 4105 ὅ)
740 4036 1031 4104 Pmecipue
1089 4037 1298 4104 propter
1332 4036 1618 4090 Persarum
1671 4035 1972 4089 invasiones
1986 4076 2000 4102 ‚
2057 4035 2199 4104 quod
2254 4034 2418 4088 etiam
2465 4033 2739 4089 Palladius
2786 4034 2934 4102 (Vita

485 4125 846 4193 Chrysostomi
882 4142 931 4192 p.
973 4124 1095 4194 194)
1133 4124 1224 4178 ubi
1258 4124 1511 4193 Palmyra
1556 4117 1620 4176 τὸ
1656 4123 1768 4175 τῶν
1808 4123 2037 4194 Περσῶν
2075 4129 2358 4195 φρουρίον,
2418 4123 2474 4177 1(1
2522 4125 2604 4177 est
2650 4121 2928 4177 castellum

483 4214 551 4267 ad
605 4212 956 4266 defendendos
1010 4212 1200 4267 Persas
1251 4213 1567 4280 nominatur,
1617 4212 1878 4281 significat
1923 4212 2089 4281 (apud
2126 4211 2386 4267 Uranium
2445 4214 2627 4266 contra
2663 4231 2832 4282 φρουρ
2842 4215 2925 4261 lov

485 4306 694 4373 Συρίας.
766 4300 984 4355 Miiller:
1039 4300 1246 4372 Fragm.
1284 4301 1408 4355 hist.
1445 4300 1539 4355 IV.
1581 4300 1721 4371 524).
