3250 4684
1035 1023 1364 1159 Caput
1437 1026 1896 1159 primum.

248 1248 551 1331 Brevis
607 1247 1079 1345 Palmyrae
1134 1245 1505 1327 historia
1560 1245 1668 1326 ab
1726 1258 1955 1325 anno
2011 1243 2160 1325 273
2235 1262 2509 1343 usque
2565 1242 2677 1324 ad

997 1389 1453 1470 incursum
1506 1387 1925 1469 Arabum.

430 1600 619 1704 Cum
663 1636 846 1699 multi
892 1635 1146 1711 fuerint,
1194 1635 1302 1717 qui
1347 1634 1481 1698 fata
1524 1633 1858 1718 Palmyrae
1903 1633 2188 1716 antiqua,
2236 1654 2360 1716 quo
2397 1640 2679 1717 tempore

249 1745 419 1807 inter
464 1748 750 1824 potentes
783 1741 1062 1806 Orientis
1092 1741 1281 1805 urbes
1312 1740 1755 1822 potentissima
1799 1738 2109 1816 exstabat,
2154 1739 2412 1804 uberius
2457 1746 2521 1805 et
2563 1761 2680 1822 pro

252 1849 738 1933 inscriptionum
782 1847 1180 1931 aliorumque
1221 1845 1491 1912 fontium
1535 1847 1719 1928 copia
1762 1846 2014 1929 penitus
2054 1847 2439 1923 tractabant,
2484 1868 2683 1930 parva

251 1961 502 2020 tantum
576 1954 900 2018 doctorum
970 1952 1386 2036 inquisitione
1455 1953 1645 2017 fructi
1704 1957 1852 2016 sunt
1911 1952 1959 2015 ii
2020 1952 2192 2027 anni,
2251 1953 2482 2035 quibus
2540 1959 2685 2036 post

248 2060 506 2126 fatalem
550 2060 729 2124 illam
760 2059 1290 2142 expugnationem
1321 2059 1500 2123 urbis
1532 2057 1832 2142 splendor
1864 2065 2222 2124 evanuerat.
2250 2057 2302 2143 1)
2367 2058 2453 2122 Et
2483 2079 2683 2143 paene

248 2168 385 2231 iure
429 2167 701 2249 quidem,
759 2187 901 2230 cum
948 2174 1010 2228 et
1052 2171 1312 2248 propter
1371 2186 1681 2229 summam
1737 2163 2009 2229 fontium
2065 2165 2397 2248 penuriam
2442 2186 2542 2229 res
2586 2165 2684 2228 in-

250 2280 436 2354 grata
497 2272 833 2347 videretur,
905 2277 968 2336 et
1027 2270 1199 2347 urbS,
1262 2293 1426 2354 quae
1494 2278 1626 2334 tam
1682 2256 1959 2352 graviter
2019 2270 2349 2348 ceciderat,
2409 2276 2482 2335 ut
2547 2271 2682 2335 eius

250 2379 596 2443 auctoritas
642 2378 810 2442 inter
856 2376 1045 2441 urbes
1090 2376 1429 2442 orientales
1474 2376 1737 2441 minima
1780 2375 1950 2442 facta
1996 2382 2176 2453 esset,
2223 2377 2682 2460 monographia

247 2484 514 2566 indigna
584 2489 937 2567 putaretur.
1038 2484 1124 2547 At
1197 2503 1342 2561 non,
1417 2489 1491 2546 ut
1561 2482 1750 2546 multi
1820 2483 2056 2560 volunt,
2078 2484 2129 2568 2)
2182 2483 2480 2568 Palmyra
2549 2489 2681 2547 tum

249 2590 539 2656 solitaria
596 2591 891 2672 omnique
948 2588 1184 2672 populo
1241 2589 1494 2671 privata
1556 2589 1696 2666 fuit,
1771 2589 1883 2654 sed.
1938 2609 2093 2672 prae
2152 2589 2495 2654 commodis
2554 2589 2693 2653 illis

250 2704 315 2762 et
360 2696 600 2760 divitiis
646 2695 962 2761 Zenobiae
1003 2695 1232 2761 aetatis
1279 2715 1495 2760 omnes
1539 2716 1641 2758 res
1688 2695 1997 2760 deteriore
2042 2702 2225 2761 erant
2268 2695 2424 2760 loco,

426 2802 716 2884 Longum
761 2800 839 2864 de
883 2800 1091 2865 causis
1135 2801 1358 2866 ruinae
1389 2801 1907 2866 commentarium
1941 2801 2214 2866 scribere
2252 2801 2493 2878 omitt0,
2543 2821 2683 2865 cum

246 2909 461 2973 omnia
492 2906 621 2973 fere
652 2906 1027 2971 documenta
1058 2912 1121 2970 et
1150 2907 1489 2990 praecipue
1518 2907 1960 2990 inscriptiones
1981 2908 2033 2994 3)
2076 2907 2323 2984 sileant,
2369 2912 2432 2971 et
2478 2928 2685 2990 pauca

247 3019 502 3078 tantum
545 3013 767 3077 leviter
814 3013 1099 3094 signabO.
1353 3080 1357 3085 ,

426 3118 701 3184 Familia
745 3119 1103 3202 principum
1150 3119 1499 3202 exstirpata
1545 3140 1687 3183 cum
1732 3118 2044 3183 exercitus
2097 3119 2276 3184 urbis
2322 3118 2687 3201 dissipatuS,

248 3245 468 3289 murus
515 3231 577 3289 et
620 3226 924 3307 templum
973 3225 1274 3304 dirutum,
1337 3223 1681 3289 confinium
1740 3224 2137 3290 devastatum
2200 3231 2379 3302 esset,
2435 3232 2688 3309 praeter

247 3329 408 3395 haec
452 3329 686 3395 damna
748 3337 984 3394 statum
1039 3331 1216 3396 urbis
1276 3332 1549 3395 maxime
1592 3337 2013 3396 commutasse
2070 3330 2338 3408 videtur,
2396 3331 2566 3413 quod
2611 3352 2689 3395 ex

435 3540 475 3606 1)
513 3540 588 3594 Cf.
628 3539 1115 3594 commentariolum
1153 3540 1213 3593 G.
1252 3540 1458 3609 Fliigeli
1492 3541 1549 3593 in
1584 3541 1783 3594 Ersch-
1792 3543 1845 3594 et
1882 3541 2108 3594 Gruber:
2158 3541 2685 3610 Realencyklopadie3

251 3628 308 3678 et
359 3611 638 3695 praecipue
694 3629 974 3696 explicatio
1010 3629 1219 3682 uberior
1252 3630 1309 3681 in
1344 3628 1544 3681 Ritter:
1582 3629 1869 3682 Erdkunde
1904 3629 2083 3683 XVH.
2123 3629 2258 3684 1501
2293 3629 2376 3697 Εἰς
2436 3631 2493 3682 111
2529 3629 2688 3683 libro:

248 3714 407 3768 Neue
445 3714 687 3785 Beitrage
741 3734 836 3770 zur
870 3717 1062 3770 Kunde
1097 3716 1374 3785 Palmyrae
1412 3720 1625 3771 auctore
1660 3715 1998 3772 Mordtmann
2045 3717 2549 3787 (Sitzungsberichte
2597 3719 2690 3771 der

254 3803 426 3857 Akad.
467 3803 515 3856 d.
555 3803 720 3856 Wiss.
759 3821 828 3857 zu
861 3803 1131 3858 Miinchen
1170 3805 1307 3858 1875
1345 3808 1470 3859 tom.
1518 3806 1609 3875 Π.)
1636 3823 1832 3874 usque
1879 3807 1946 3861 ad
1994 3807 2437 3876 expugnationem
2483 3809 2692 3860 tantum

250 3891 401 3945 urbis
440 3908 536 3959 per
571 3892 772 3945 Arabes
807 3893 1002 3947 factam
1039 3895 1225 3963 agitur.

430 3980 471 4049 2)
508 3979 747 4048 Exempl.
790 3997 834 4033 6.
872 3981 1194 4035 Mommsen:
1234 3982 1516 4035 Romische
1556 3982 1872 4054 Geschichte
1909 3984 1944 4035 t.
1983 3984 2051 4037 V.
2086 4001 2137 4052 p.
2176 3984 2439 4037 441—42.

432 4068 472 4138 3)
511 4067 588 4122 Of.
627 4068 769 4136 apud
804 4068 1165 4123 Mordtmann:
1203 4071 1356 4124 Neue
1379 4070 1642 4139 Beitrage‚
1690 4070 1961 4139 inscriptio
2007 4071 2171 4125 latina
2208 4072 2273 4124 de
2320 4073 2542 4137 statione
2566 4072 2693 4125 Dio-

252 4157 469 4210 cletiani
505 4158 559 4210 et
593 4156 902 4211 Maximiani
935 4157 1107 4226 Impp.
1147 4160 1201 4211 et
1237 4158 1527 4212 Constantii
1562 4158 1980 4227 Maximianique
2018 4159 2193 4213 Caess.
2230 4161 2287 4212 in
2336 4161 2467 4214 urbe
2515 4160 2695 4213 habita

255 4245 345 4315 (ut
379 4245 617 4315 videtur,
672 4261 741 4298 ex
787 4254 922 4300 anno
963 4246 1085 4312 2974)
1133 4250 1186 4298 et
1222 4246 1596 4315 Waddington,
1635 4247 1981 4315 Inscriptions
2019 4263 2272 4316 grecques
2329 4249 2383 4300 et
2416 4247 2605 4302 latines
2641 4266 2691 4300 11.

251 4334 392 4389 2629
430 4336 588 4390 efiam
625 4352 693 4388 ex
729 4336 1041 4389 Diocletiani
1077 4337 1262 4403 aetate,
1302 4335 1395 4387 sed
1430 4335 1590 4388 nimis
1631 4336 1887 4390 mutilata.

2333 4429 2365 4486 1
