3250 4684
1727 230 1807 291 18

535 436 770 501 Thabit
808 436 1032 501 ultimo
1079 436 1180 502 die
1226 438 1460 502 mensis
1510 438 1842 504 Ramadan
1888 439 2041 503 anni
2094 441 2216 502 127
2265 438 2671 503 rebellionem
2717 439 2973 522 incepit.

539 543 662 608 Sed
716 543 995 608 Marwan
1060 545 1189 608 iam
1246 543 1403 609 duos
1457 551 1605 628 post
1650 545 1783 609 dies
1826 567 1970 611 cum
2016 545 2296 610 exercitu
2367 544 2590 609 aderat
2635 546 2979 628 urbemque

534 649 844 732 cingebat.
917 648 1091 726 Quae
1123 658 1286 716 esset
1318 671 1515 715 causa
1545 652 2018 728 coniurationia
2050 672 2422 735 praeconem
2447 652 2609 715 cives
2632 651 2977 716 inclamare

534 754 727 820 iubet.
819 756 967 821 Sine
1035 778 1238 834 mora,
1303 778 1445 822 cum
1513 758 1791 823 rationes
1846 758 2259 840 praetendere
2326 779 2453 822 non
2519 766 2809 841 possent,
2876 757 2975 821 illi

535 861 1023 928 submissionem
1067 863 1570 946 obsequiumque
1614 864 2012 948 pollicentur.
2109 862 2318 929 Portis
2365 862 2696 948 patefactis
2744 863 2976 927 nihilo-

532 968 742 1033 minus
800 977 1021 1034 contra
1064 958 1273 1046 ‘Amr,
1341 968 1544 1035 filium
1599 969 1936 1035 Waddhah
1954 1020 1969 1046 ,
2037 970 2260 1034 urbem
2328 972 2673 1035 intrantem
2739 970 2974 1035 acriter

535 1081 887 1158 pugnatum
932 1083 1046 1151 est,
1094 1076 1201 1139 sed
1247 1077 1436 1141 breve
1481 1083 1626 1159 post
1667 1077 1977 1159 proelium
2023 1098 2237 1141 omnes
2283 1076 2663 1140 rebellantes
2709 1096 2744 1139 e
2783 1081 2972 1159 porta

531 1181 615 1246 ad
646 1180 924 1246 Tadmur
971 1188 1294 1264 spectante
1338 1182 1406 1246 in
1452 1188 1742 1265 apertum
1788 1190 2144 1265 erumpunt.
2222 1183 2444 1247 Multis
2492 1183 2715 1247 occisis
2760 1188 2972 1246 tamen

533 1287 591 1352 el
603 1275 918 1369 -'Asbagh
949 1286 1209 1371 filioque
1240 1286 1581 1365 Farafisae‚
1612 1295 1686 1353 ut
1717 1290 2108 1371 aufugerent,
2153 1289 2435 1372 contigit.
2534 1288 2726 1352 Hims
2760 1294 2972 1353 autem

530 1414 753 1476 graves
799 1395 1179 1477 proditionis
1224 1416 1459 1487 poenas
1507 1395 1723 1459 multis
1769 1396 2007 1459 necatis
2067 1395 2365 1479 crucique
2413 1393 2623 1459 affixis
2680 1393 2972 1478 murique

530 1507 713 1583 parte
758 1500 974 1565 diruta
1019 1500 1210 1565 dedit.
1301 1500 1535 1566 Thabit
1580 1507 1803 1584 postea
1848 1501 1916 1565 in
1946 1500 2313 1566 Palaestina
2345 1524 2487 1565 cum
2529 1501 2734 1565 denuo
2781 1500 2971 1565 urbes

531 1607 970 1672 coniuratione
1028 1606 1356 1689 implicare
1418 1607 1719 1683 studeret,
1779 1607 1847 1670 in
1907 1629 2135 1672 manus
2192 1607 2337 1672 novi
2400 1607 2700 1691 praefecti
2745 1606 2971 1670 inci‘dit

531 1733 606 1777 ac
651 1712 1015 1778 crudelibus
1056 1712 1388 1778 tormentis
1436 1734 1469 1777 e
1513 1714 1646 1778 vita
1691 1714 1974 1779 decessit.

707 1835 868 1901 Tota
913 1837 1099 1920 Syria
1155 1837 1283 1901 iam
1329 1844 1559 1919 pacata
1621 1837 1900 1902 Tadmur
1959 1837 2095 1902 sola
2149 1837 2480 1903 rebellium
2537 1837 2969 1914 continuabat,

531 1942 680 2025 plus
724 1942 1007 2008 locorum
1051 1945 1398 2027 asperitate
1454 1945 1617 2008 freta
1667 1966 1855 2027 quam
1913 1944 2234 2027 potentiae
2289 1942 2524 2008 fiducia
2581 1944 2969 2027 superbiens.

531 2046 943 2132 Quapropter
974 2050 1256 2114 Marwan
1281 2072 1321 2114 a
1345 2050 1502 2114 Dair
1531 2038 1747 2134 'Ajjnb
1772 2050 1825 2135 1)
1855 2051 2080 2115 castris
2112 2050 2299 2115 motis
2331 2050 2616 2116 celeriter
2645 2052 2969 2132 processit,

529 2154 680 2217 dum
735 2155 818 2219 ad
864 2154 1198 2232 el-Qastal
1231 2157 1532 2238 pervenit.
1609 2155 1912 2233 Quamvis
1956 2155 2339 2221 Tadmureni
2385 2156 2628 2222 obrutis
2674 2156 2968 2221 omnibus

528 2261 738 2344 puteis
784 2261 907 2326 iter
966 2260 1410 2326 difficillimum
1470 2260 1788 2339 fecissent,
1852 2269 1923 2327 ut
1980 2262 2282 2327 exercitui
2339 2283 2571 2345 magna
2617 2270 2680 2328 et
2728 2263 2967 2327 utrium

534 2373 598 2431 et
627 2368 1009 2432 camelorum
1042 2368 1225 2452 copia
1258 2390 1416 2453 opus
1448 2375 1632 2445 esset,
1662 2368 2074 2434 nihilominus
2105 2368 2354 2433 khalifa
2384 2369 2633 2453 incepto
2667 2369 2967 2435 desistere

526 2473 802 2550 nolebat,
833 2495 977 2539 cum
1007 2475 1066 2539 el
1079 2463 1404 2551 -'Abrash,
1434 2474 1605 2539 filius
1622 2475 1853 2552 Walid,
1885 2477 2150 2540 wazirus
2182 2482 2245 2541 et
2270 2474 2596 2540 Sulaiman
2627 2475 2754 2551 ille,
2786 2473 2966 2539 filius

526 2578 815 2657 Hisham‚
857 2579 1351 2645 intercesserunt
1395 2588 1458 2646 et
1497 2603 1538 2645 a
1570 2581 1849 2648 Marwan
1886 2581 2401 2665 impetraverunt,
2447 2588 2521 2645 ut
2562 2603 2677 2665 per
2722 2581 2965 2663 legatos

527 2705 670 2749 cum
727 2686 967 2752 civibus
1025 2685 1305 2752 Tadmur
1366 2693 1597 2770 ageret.
1703 2673 2117 2751 El-'Abrash
2172 2687 2239 2751 in
2308 2688 2527 2752 urbem
2574 2688 2800 2752 missus
2855 2687 2965 2752 ubi

520 2792 764 2857 incolas
832 2792 1205 2858 adhortatus
1272 2800 1400 2869 est,
1466 2814 1545 2857 ne
1611 2792 1805 2857 nimis
1878 2793 2277 2871 resisterent,
2351 2794 2447 2858 illi
2507 2793 2963 2877 poenitentiam

530 2898 949 2963 ostendebant
1035 2899 1536 2982 obsequiumque
1627 2899 1959 2976 iurabant,
2052 2899 2339 2982 quamvis
2426 2900 2740 2983 quaedam
2810 2920 2961 2982 pars

521 3005 730 3070 verbis
789 3003 1001 3070 diffisa
1045 3006 1115 3069 in
1161 3005 1478 3070 desertum
1541 3006 1919 3071 elaberetur.
2013 3003 2226 3071 Ceteri
2284 3006 2537 3071 incolae
2579 3055 2594 3082 ,
2614 3012 2961 3095 postquam

520 3111 699 3176 urbis
746 3132 899 3177 suae
959 3132 1211 3175 murum
1267 3109 1478 3194 frangi
1535 3111 1858 3187 viderunt,
1904 3111 2016 3195 qui
2060 3113 2328 3196 posthac
2370 3133 2499 3177 non
2546 3113 2676 3177 iam
2716 3118 2961 3177 restau-

521 3223 699 3282 ratus
744 3223 857 3294 est,
904 3217 1217 3283 exercitui¹
1251 3216 1537 3282 khalifae
1581 3217 2116 3300 adiungebantur.

696 3339 870 3405 Haec
913 3341 1200 3405 narratio
1250 3341 1520 3425 simplex
1565 3343 1740 3426 apud
1785 3341 1826 3406 J
1829 3345 1983 3426 aqut
2025 3342 2291 3408 diversis
2349 3341 2584 3406 fabulis
2631 3341 2957 3407 miscetur:

518 3445 797 3511 Marwan
846 3445 1163 3512 khalifam
1220 3448 1431 3531 ipsum
1489 3449 1558 3513 in
1618 3449 1777 3514 urbe
1839 3448 2116 3513 adfuisse
2178 3455 2240 3512 et
2296 3469 2424 3513 non
2482 3449 2685 3513 solum
2745 3469 2959 3513 muros

515 3553 917 3630 destruxisse,
963 3553 1074 3619 sed
1105 3554 1202 3618 vel
1232 3554 1473 3619 incolas
1504 3554 1586 3619 ab
1618 3554 1941 3638 equitibus
1989 3554 2369 3629 conculcari,
2416 3560 2489 3618 ut
2519 3554 2779 3636 sanguis
2811 3575 2955 3619 cum

515 3659 771 3725 cerebro
817 3659 1053 3724 mixtus
1097 3660 1353 3742 ungulis
1399 3682 1702 3743 equorum
1748 3659 2136 3737 adhaereret,
2180 3659 2455 3725 iussisse.

693 3925 735 3992 1)
770 3923 952 3994 Jaqfit:
989 3925 1046 3977 in
1071 3925 1245 3978 monte
1273 3923 1508 3991 Hauran,
1544 3924 1598 3976 in
1625 3923 1885 3978 1611110110
1909 3924 2267 3991 Damascen03
2303 3923 2444 3992 apud
2470 3922 2709 3988 Qudama
2734 3920 2950 3991 (8111611-

511 4030 628 4083 ger:
688 4012 842 4067 Post·
892 4031 945 4067 11.
980 4012 1323 4067 Reiserouten
1376 4013 1450 4065 im
1488 4010 1671 4065 Orient
1705 4030 1754 4081 p.
1796 4014 1874 4080 7):
1942 4015 1971 4065 7
2011 4013 2187 4066 sikkas
2224 4012 2433 4080 (domus
2472 4010 2732 4080 stationis)
2770 4028 2802 4066 a
2838 4011 2946 4067 Da-

512 4118 691 4155 masco
727 4101 844 4154 sita.
874 4132 939 4141 —
975 4102 1287 4171 Adnotetur,
1327 4101 1609 4154 editionem
1645 4101 1744 4154 Ibn
1779 4100 2049 4155 Khaldfini
2088 4100 2310 4166 Qahirae
2346 4102 2659 4169 impressam
2697 4102 2949 4156 mendose

511 4190 612 4243 hoc
647 4188 762 4243 loco
798 4206 991 4244 nomen
1014 4191 1211 4245 Tirmid
1246 4206 1338 4259 pro
1362 4189 1593 4244 Tadmur
1618 4190 1845 4244 scribere
1882 4190 2136 4261 (Tirmidh
2173 4194 2265 4246 aut
2282 4190 2475 4244 Tirmid
2499 4192 2554 4243 in
2578 4191 2694 4259 ripa
2720 4190 2948 4259 DJailcsm

513 4279 617 4334 sita
651 4279 770 4346 est.)
