3250 4684
53 2152 77 2259 l

1468 283 1551 345 35

464 490 651 555 Dixit
694 497 902 555 autem
946 490 1367 568 Muhammad,
1412 490 1582 556 filius
1628 491 1687 557 el
1702 527 1732 540 -
1750 490 2014 577 Hadjib‚
2059 491 2247 556 talia:

391 596 456 681 1)
502 595 554 660 O
601 596 894 675 Tadmur,
939 596 1320 663 desiderium
1363 597 1698 680 quoddam,
1742 598 1844 662 cui
1886 597 2129 663 nullum
2161 596 2338 662 aliud
2369 596 2571 661 simile
2601 602 2714 673 est,

611 703 920 785 imagines
951 709 1097 768 tuae
1141 703 1316 768 cordi
1361 725 1497 768 meo
1542 704 1845 788 gignunt3

384 811 450 888 2)
495 808 654 873 Cum
699 809 782 876 de·
822 810 997 876 vobis
1034 803 1320 888 meditor,
1365 832 1618 876 somnus
1657 810 1920 894 aufugit,
1966 810 2117 875 dum
2161 809 2274 874 alii
2306 809 2708 875 somniculosi

612 917 680 980 in
725 916 906 981 lectis
949 916 1174 982 iacent.
2601 984 2605 991 ,

385 1024 456 1105 3)
504 1022 706 1089 Valde
750 1023 1072 1088 admirans
1118 1022 1288 1088 dico:
1334 1021 1500 1100 Quid
1545 1044 1652 1088 eas
1687 1023 1928 1090 erexit?
2016 1022 2180 1088 Nam
2223 1022 2334 1087 diu
2380 1023 2508 1087 iam
2566 1043 2715 1087 con-

618 1129 867 1195 sistunt.
1821 1142 1832 1156 ⁸

385 1234 457 1319 4)
503 1235 832 1300 Naturane
862 1242 1048 1319 aptae
1079 1242 1227 1301 sunt
1249 1234 1302 1319 ¹)
1332 1237 1416 1302 ad
1440 1235 1812 1320 perferenda
1836 1237 2162 1320 tempora?
2222 1234 2523 1299 Mortales
2547 1232 2712 1299 enim

612 1342 803 1408 talem
847 1348 1223 1425 potestatem
1267 1343 1613 1409 attribuere
1658 1364 1786 1408 non
1831 1349 2112 1427 possunt.
2140 1342 2192 1427 2)

383 1448 456 1535 5)
501 1448 675 1514 Sicut
713 1470 951 1514 cornua
994 1449 1120 1514 duo
1164 1449 1500 1514 coniuncta
1544 1456 1781 1514 statum
1838 1471 1963 1514 non
2021 1454 2303 1535 mutant;
2358 1447 2711 1531 pertinaces

613 1576 719 1621 eas
764 1554 911 1621 fecit
957 1556 1381 1621 controversia
1426 1576 1639 1620 coram
1668 1555 1893 1620 iudice.
1912 1557 1967 1639 3)

385 1660 456 1745 6)
502 1660 650 1727 Dies
674 1667 818 1746 post
849 1661 1012 1726 diem
1035 1661 1169 1727 fato
1193 1662 1448 1728 iubente
1479 1661 1782 1744 praeterit
1812 1668 1876 1727 et
1905 1682 2110 1726 annus
2142 1682 2379 1725 annum
2410 1659 2714 1743 sequitur,

389 1767 457 1852 7)
503 1768 624 1834 Sed
669 1769 1134 1852 perseverantia
1187 1768 1578 1852 pulchriores
1625 1789 1732 1833 eas
1774 1766 1945 1845 facit,
2003 1767 2167 1832 sicut
2206 1767 2591 1849 margaritae
2633 1765 2717 1830 ad

611 1873 789 1939 filum
834 1874 1175 1941 adstrictae
1216 1874 1602 1941 venustiores
1647 1873 1827 1939 fiunt.
1847 1874 1905 1958 4)

390 1980 460 2065 8)
505 1979 633 2044 Nec
676 1988 887 2045 tamen
934 1986 1181 2063 tempus
1213 1981 1460 2046 omittet
1491 1981 1693 2046 fatum
1725 1979 2008 2045 divinum
2044 1981 2113 2045 in
2143 1980 2222 2046 iis
2253 1979 2530 2063 exsequi,
2574 2000 2714 2044 cum

615 2086 915 2169 temporis
960 2086 1043 2151 sit
1086 2094 1318 2151 natura
1364 2086 1759 2169 exstirpandi
1802 2087 2014 2152 omnia
2058 2092 2121 2151 et
2163 2085 2485 2170 perdendi.
2508 2086 2561 2171 5)

474 2178 996 2258 'Abu-l-Hasan
1040 2182 1329 2275 el-‘Idjli
1373 2192 1645 2276 denique
1688 2194 1783 2257 ita
1826 2193 2022 2258 dixit:

389 2298 456 2383 1)
502 2299 676 2364 Duas
719 2299 887 2364 circa
931 2297 1207 2365 Tadmur
1252 2299 1560 2381 imagines
1604 2299 1864 2383 aspicio,
1909 2320 2067 2383 quas
2111 2298 2293 2364 labor
2322 2295 2585 2364 artificis
2615 2297 2715 2361 in-

616 2404 961 2488 telligentis
1006 2411 1068 2470 et
1109 2406 1282 2470 acuti
1329 2405 1673 2472 exornavit.

382 2513 455 2598 2)
499 2512 738 2576 Earum
803 2518 1098 2577 venustas
1165 2512 1399 2577 oculos'
1435 2511 1798 2595 permulcet,
1854 2511 2046 2577 corda
2112 2517 2320 2576 autem
2386 2510 2712 2575 hominum

611 2617 1100 2684 adversitatibus
1145 2639 1358 2683 earum
1401 2617 1837 2683 misericordia
1875 2623 2264 2684 moventur.“

469 2742 645 2808 Haec
688 2742 1030 2819 hactenus3
1074 2764 1115 2806 a
1146 2749 1693 2808 monumentorum
1740 2742 2176 2826 descriptione,
2222 2763 2385 2825 quae
2413 2741 2527 2807 illo
2558 2749 2715 2808 tem-

296 2870 448 2932 pore
480 2854 648 2914 certe
691 2849 893 2914 multo
939 2848 1371 2914 numerosiora
1404 2855 1467 2914 et
1497 2850 1810 2932 ampliora
1854 2870 2045 2932 quam
2089 2870 2255 2914 nunc
2296 2848 2487 2925 fuere,
2532 2869 2716 2933 prae-

297 2955 511 3020 sertim
573 2977 716 3020 cum
774 2962 978 3021 terrae
1034 2962 1335 3022 tremores
1397 2955 1495 3020 illi
1554 2956 1874 3021 territorio
1930 2955 2105 3020 nullo
2163 2956 2230 3020 in
2298 2955 2548 3022 saeculo
2609 2955 2715 3018 de-

295 3060 532 3127 fuerint
553 3061 628 3146 6),
673 3061 756 3127 ad
798 3063 1040 3127 incolas
1081 3068 1353 3127 transeo.
1449 3060 1575 3139 Qui
1619 3084 1747 3146 qua
1791 3068 1976 3144 gente
2020 3062 2146 3128 orti
2205 3061 2461 3139 fuerint,
2522 3082 2716 3146 supra

294 3167 567 3234 breviter
587 3169 965 3251 „expositum
1009 3175 1106 3235 est
1122 3193 1139 3246 ;
1183 3168 1475 3251 religioni
1506 3167 1896 3234 Moslimicae
1927 3190 2032 3233 eos
2076 3167 2367 3234 addictos
2412 3168 2604 3233 fuisse
2636 3190 2715 3233 ex

294 3275 545 3341 silentio
617 3276 993 3358 scriptorum
1062 3275 1365 3341 concludo
1384 3324 1400 3351 ,
1476 3275 1583 3358 qui
1652 3275 1707 3340 si
1752 3276 1854 3340 cui
1909 3275 2054 3342 urbi
2115 3275 2280 3341 alius
2338 3281 2477 3340 erat
2533 3276 2715 3354 rituS,

472 3541 511 3611 1)
546 3541 686 3610 Lego
725 3558 848 3594 cum
882 3539 1177 3594 Fleisoher:
1251 3533 1605 3595 'Amullikata

472 3629 515 3697 2)
548 3630 851 3683 Lectionem
886 3646 1134 3698 propono:
1189 3629 1522 3682 Jumfikuhu.

477 3717 519 3786 ³)
557 3718 709 3783 Quod
745 3721 855 3772 tam
893 3719 984 3772 diu
1035 3718 1257 3786 tempori
1300 3718 1568 3787 resistunt,
1621 3717 1722 3771 sub
1773 3717 2002 3786 imagine
2047 3716 2274 3770 hominis
2324 3732 2499 3770 coram
2542 3716 2715 3770 iudice

301 3803 546 3873 litigantis
586 3807 640 3858 et
677 3807 741 3859 de
776 3808 888 3861 vita
920 3807 1202 3861 laborantis
1240 3807 1566 3860 describitur.
1636 3806 1804 3875 Lego:
1859 3804 1980 3859 lada
2016 3805 2172 3875 qadin
2208 3805 2468 3859 khisamu.

472 3894 515 3961 4)
552 3892 723 3947 Series
777 3911 1032 3950 annorum
1087 3913 1209 3949 cum
1263 3896 1396 3949 serie
1450 3895 1852 3964 margaritarum
1906 3896 2236 3963 comparatur
2249 3935 2263 3962 ,
2324 3893 2607 3949 multitudo
2662 3896 2716 3947 et

303 3996 552 4035 annorum
593 3983 646 4034 et
682 3984 1082 4051 margaritarum
1119 3983 1342 4053 singulis
1378 3983 1770 4051 pulchritudine
1805 3985 2028 4051 praeest.

472 4070 514 4140 5)
551 4071 715 4140 Logo:
765 4064 1076 4139 ja‘duhuma
1127 4072 1381 4126 bikitabin
1430 4072 1659 4140 dahrun3
1708 4071 1906 4126 nomini
1951 4072 2156 4126 dahrun
2205 4072 2499 4126 notionem:
2547 4072 2716 4126 fatum

304 4157 536 4212 divinum
575 4159 659 4229 (cf.
697 4158 943 4229 Freytag)
980 4160 1213 4213 subiicio.

470 4250 511 4319 6)
549 4249 732 4303 Unum
768 4252 1048 4302 tremorem
1071 4249 1355 4302 terribilem
1379 4249 1679 4302 hominibus
1705 4251 1758 4302 et
1781 4248 2031 4303 aedificiis
2056 4264 2222 4318 aequo
2247 4249 2401 4303 modo
2426 4250 2710 4304 exitiosum

299 4336 446 4407 (anno
485 4339 641 4410 1042)
679 4336 1019 4406 Quatremere
1055 4337 1108 4389 in
1146 4338 1429 4405 appendice
1465 4338 1531 4391 ad
1567 4337 1791 4406 Maqrizi
1827 4337 1897 4391 Π.
1937 4338 2039 4392 255
2075 4339 2296 4393 notavit.

2316 4427 2401 4491 3*
