3250 4684
1648 218 1735 279 44

1247 513 1573 651 Caput
1650 519 2140 653 quintum,

739 707 862 788 De
915 707 1242 790 fabulis
1297 708 1683 790 Arabum
1736 708 1848 791 ad
1902 708 2284 791 Tadmur
2338 710 2655 792 urbem

1358 832 2024 937 pertinentibus.
2071 892 2078 899 -

656 1007 893 1084 Restat,
951 1013 1024 1072 ut
1075 1030 1280 1092 pauca
1335 1008 1412 1073 de
1455 1008 1707 1087 fabulis,
1767 1031 1929 1094 quae
1987 1010 2160 1094 apud
2205 1009 2444 1074 Arabes
2504 1009 2582 1074 de
2623 1008 2900 1093 pristino

415 1149 418 1155 ,
480 1112 760 1178 Tadmur
828 1119 999 1178 statu
1071 1115 1471 1200 eiusdemque
1538 1116 1826 1199 reliquiis
1908 1116 2538 1193 circumferebantur,
2616 1136 2900 1198 agamus,

479 1218 637 1285 Cum
710 1221 942 1286 nostris
1031 1241 1279 1304 quoque
1357 1221 1705 1288 viatoribus
1796 1230 2202 1287 monumenta
2280 1221 2556 1287 Tadmur
2628 1220 2899 1305 antiqua

478 1326 788 1392 maximae
832 1326 959 1392 sint
1002 1327 1427 1405 admirationi,
1474 1334 1714 1413 quanto
1759 1329 1902 1412 plus
1946 1329 2230 1393 homines
2288 1328 2356 1392 in
2401 1328 2659 1394 Oriente
2710 1334 2897 1393 natos

476 1432 733 1498 incitari
788 1440 1102 1517 putamuS,
1165 1443 1236 1500 ut
1282 1436 1774 1501 narratiunculis
1832 1436 2025 1500 variis
2084 1435 2442 1519 fabulisque
2503 1455 2577 1500 ea
2632 1434 2896 1500 circum-

475 1537 764 1604 fundant.
857 1540 1200 1625 Praecipue
1259 1542 1546 1625 quaestio
1614 1563 1813 1627 usque
1873 1528 2117 1607 animos
2183 1541 2456 1619 subibat,
2523 1563 2563 1606 a
2616 1562 2895 1624 quonam

477 1630 630 1710 urbs
674 1645 928 1712 condita
973 1654 1151 1712 esset.
1247 1648 1453 1732 Atque
1497 1670 1537 1713 a
1598 1649 1889 1733 plurimis
1949 1647 2361 1732 scriptoribus
2419 1648 2726 1712 traditum
2774 1652 2887 1723 est,

475 1771 685 1834 regem
716 1752 1034 1817 Sulaiman
1066 1753 1517 1840 (Salomonem)
1559 1754 1760 1838 geniis
1805 1755 2263 1820 auxiliantibus
2308 1754 2441 1819 eius
2472 1752 2886 1818 fundamenta

476 1858 707 1924 iecisse·
779 1857 878 1923 Ab
922 1860 1365 1943 antiquissima
1396 1861 1676 1927 Arabum
1724 1867 1930 1926 aetate
1978 1881 2174 1944 usque
2217 1861 2286 1925 in
2331 1860 2581 1926 saecula
2615 1858 2893 1925 recentia

476 1965 631 2030 haec
673 1965 962 2030 narratio
1009 1965 1335 2049 divulgata
1391 1972 1502 2032 est.
1593 1966 1890 2049 Nabigha
1943 1966 2066 2032 ed·
2085 1966 2428 2051 Dhubjani,
2491 1971 2679 2050 poeta
2734 1962 2891 2059 celej-

474 2072 786 2137 berrimus
840 2072 907 2157 (†
954 2070 1140 2156 604),
1197 2073 1308 2156 qui
1351 2074 1419 2137 in
1476 2073 1627 2140 aula
1685 2093 1903 2156 regum
1958 2072 2165 2139 Hirae
2221 2072 2559 2156 praecipue
2601 2060 2890 2149 Nu‘man,

476 2177 595 2242 filii
641 2177 898 2243 Mundir
941 2177 1174 2257 floruit,
1219 2180 1286 2245 in
1327 2180 1604 2245 carmine
1648 2180 1993 2256 excellenti,
2045 2186 2118 2245 ut
2159 2184 2536 2264 potestatem
2581 2186 2643 2244 et
2684 2178 2890 2262 digni-

479 2291 673 2349 tatem
730 2286 1102 2368 protectoris
1158 2286 1256 2351 sui
1312 2286 1725 2370 praedicaret,
1803 2286 1903 2351 his
1962 2286 2166 2351 verbis
2237 2307 2379 2351 eum
2440 2307 2625 2370 super
2682 2305 2892 2351 omnes

483 2391 668 2456 tollit.
742 2392 897 2477 (Par
970 2399 1083 2470 est,
1155 2392 1412 2478 inquit,)
1482 2414 1599 2471 „ne
1643 2393 1893 2459 Salomo
1970 2391 2241 2476 quidem,
2308 2392 2408 2458 cui
2475 2391 2630 2458 deus
2699 2391 2891 2456 dixit:

481 2497 800 2564 Creaturis
872 2505 1128 2582 praesta
1203 2520 1432 2584 easque
1505 2498 1792 2583 prohibe,
1869 2499 2201 2584 quominus
2276 2498 2516 2564 ordinis
2590 2497 2889 2563 terminos

478 2604 891 2688 disrumpant.

653 2710 964 2778 Submitte
1036 2712 1334 2794 potestati
1410 2716 1558 2776 tuae
1634 2711 1866 2794 geniOS,
1941 2710 2167 2794 quibus
2233 2710 2363 2776 iam
2424 2709 2749 2795 imperavi,
2821 2716 2889 2775 ut

481 2817 756 2882 Tadmur
800 2838 877 2882 ex
922 2818 1092 2884 saxis
1139 2815 1468 2902 quadratis
1512 2825 1574 2884 et
1618 2818 1926 2883 columnis
1971 2823 2316 2883 exstruant.
2343 2815 2434 2902 1)“

652 2922 855 2989 Multa
903 2924 1033 2989 alia
1077 2924 1211 2990 eius
1256 2921 1641 2990 narrationis
1685 2923 2049 2989 testimonia
2107 2909 2399 2989 omittens
2422 2920 2474 3007 ²)
2521 2921 2600 3005 jd
2643 2927 2887 2987 tantum

476 3029 661 3107 addo,
734 3051 876 3095 cum
933 3030 1135 3095 Wood
1210 3051 1377 3096 anno
1441 3032 1606 3095 1751
1680 3031 1747 3094 in
1804 3029 2081 3095 'Badmur
2153 3029 2310 3094 urbe
2382 3034 2886 3105 commoraretur,

473 3135 775 3220 populum
830 3137 1083 3219 singula
1128 3135 1416 3203 aedificia
1472 3135 1555 3201 ad
1599 3136 1863 3202 eundem
1933 3156 2143 3219 regem
2186 3134 2476 3200 retulisse
2533 3141 2887 3218 certumque

477 3263 687 3308 eorum
733 3264 915 3309 usum
960 3265 1027 3309 se
1071 3264 1254 3309 nosse
1298 3242 1550 3309 dixisse.
2877 3306 2882 3312 .

653 3348 836 3426 Quod
910 3350 1159 3415 Salomo
1235 3349 1454 3415 urbem
1527 3348 1896 3427 condiderit,
1969 3350 2106 3414 loco
2176 3347 2532 3415 Chronicon
2607 3346 2757 3412 libri
2827 3345 2884 3410 II

478 3476 613 3540 cap.
660 3455 834 3521 VIII.
880 3478 934 3520 v.
989 3460 1032 3521 4
1077 3455 1197 3520 niti
1264 3456 1418 3521 satis
1483 3461 1705 3520 notum
1760 3461 1886 3520 est:
1949 3456 2036 3520 Et
2089 3452 2399 3540 (Salomo)
2443 3453 2763 3520 Thadmor
2817 3453 2879 3517 in

657 3649 695 3719 ¹)
732 3649 998 3703 Noeldeke
1043 3649 1304 3723 (Beitrage
1351 3666 1395 3702 z.
1433 3648 1720 3703 Kenntniss
1768 3649 1861 3702 der
1907 3648 2055 3703 Poes.
2105 3666 2154 3717 p.
2192 3647 2295 3719 XI)
2343 3663 2532 3702 versus
2588 3647 2886 3702 subditicios

479 3740 662 3791 censet
694 3739 842 3793 varia
875 3738 1099 3792 lectione
1129 3731 1295 3804 „‘illa“
1325 3754 1472 3807 usuS,
1510 3754 1617 3806 qua
1652 3737 1963 3807 significatio
1988 3737 2218 3791 exsistit:
2279 3736 2448 3791 Nemo
2475 3738 2528 3790 te
2553 3735 2888 3790 excellentior

480 3830 560 3880 est
582 3828 787 3895 praeter
811 3826 1154 3881 Salomonem.
1229 3827 1530 3880 Lectionem
1569 3826 1749 3880 autem
1791 3816 1985 3892 „walaf‘
2013 3826 2189 3880 locum
2212 3825 2528 3879 rectificasse
2552 3826 2696 3893 put0‚
2735 3840 2884 3894 quam

483 3914 758 3969 Ahlwardt
806 3915 1100 3984 proposuit3
1155 3915 1255 3969 hac
1309 3914 1450 3968 enim
1485 3930 1725 3969 summae
1759 3914 2028 3969 blantitiae
2063 3914 2118 3967 in
2152 3930 2331 3984 regem
2367 3913 2718 3968 conferuntur.
2790 3912 2884 3967 Pro

489 4005 800 4074 „imperavi“
841 4004 1001 4059 habet
1036 4004 1206 4057 Ahlw.
1251 4003 1546 4071 „permisi“.

657 4094 699 4163 2)
734 4092 831 4146 Ex.
870 4109 944 4163 gr.
983 4091 1263 4161 el-Bakri,
1302 4084 1609 4162 el-Ja‘qfibi
1646 4090 1762 4158 alii3
1818 4107 1952 4161 quae
1986 4092 2149 4146 verba
2196 4091 2251 4145 in
2286 4091 2461 4146 ieiuno
2519 4089 2886 4145 Zamakhshari

483 4182 653 4236 lexico
691 4182 1034 4252 geographico
1070 4183 1137 4237 ad
1172 4182 1401 4237 Tadmur
1434 4198 1626 4235 nomen
1663 4182 1951 4236 adduntur:
2007 4182 2128 4236 urb
2142 4198 2168 4236 s
2223 4198 2249 4236 s
2264 4180 2507 4236 aerarii
2564 4179 2817 4250 originem
2859 4196 2887 4235 a

489 4269 759 4325 Sulaiman
797 4271 1010 4325 ductam
1046 4271 1338 4340 significare
1374 4270 1636 4325 videntur.
