3250 4684
1544 222 1578 280 7

525 429 739 494 Verba
783 429 897 494 illa
939 417 1146 507 „'Abu
1178 430 1381 494 Karib
1412 435 1757 512 regnante“
1804 429 2168 512 opinionem
2202 429 2385 493 nobis
2418 428 2778 505 subiiciunt,

325 556 522 616 :reges
570 535 961 599 Gassanidas
1007 537 1199 600 etiam
1245 537 1682 620 Palmyrenam
1732 541 1794 600 et
1841 534 2108 599 fortasse
2150 535 2512 618 Palmyram
2557 535 2778 599 urbem

329 641 426 706 ad
482 651 726 723 tempus
796 641 1151 725 possedisse
1219 642 1347 706 sive
1403 643 1806 724 gubernasse.
1930 641 2134 705 Huius
2192 641 2281 704 rei
2342 641 2471 706 alia
2528 661 2781 724 quoque

332 747 649 812 habemus
718 752 1110 828 argumenta.
1230 750 1468 813 Auctor
1549 746 1858 811 Arabicus
1906 737 2088 811 'satis
2158 746 2460 830 antiquus
2526 746 2780 812 Hamza

332 852 648 929 Isfiozani,
671 852 723 937 1)
793 874 978 936 quem
1026 855 1215 919 etiam
1258 841 1584 919 'Abulfida
1631 852 1935 918 exscribit
1956 854 2029 936 2),
2100 852 2256 917 haec
2302 859 2554 918 narrat:
2628 853 2781 919 Post

334 947 636 1034 Nu‘man‚
681 958 768 1022 fil.
799 958 1150 1036 el-Harith,
1195 947 1364 1024 'Abu
1397 959 1617 1035 Karib,
1665 980 1875 1041 regem
1915 946 2282 1036 el-'Aiham,
2326 958 2414 1023 fil.
2449 959 2778 1044 Djabalae,

334 1062 432 1127 fil.
468 1063 823 1141 el-Harith‚
865 1064 952 1129 fil.
988 1053 1156 1130 'Abu
1190 1065 1460 1141 Shamir,
1506 1086 1620 1147 per
1652 1068 1734 1128 27
1771 1086 1971 1129 annos
2006 1071 2068 1128 et
2107 1068 2146 1128 2
2180 1085 2423 1129 menses
2468 1066 2774 1146 regnavit.

337 1169 468 1233 Hic
511 1169 789 1234 Tadmur
832 1171 1199 1254 possidebat
1245 1178 1308 1236 et
1353 1170 1519 1248 Qasr
1562 1170 1765 1235 Birka
1809 1178 1874 1237 et
1903 1171 2078 1236 Dhat
2106 1157 2386 1235 'Anman
2483 1170 2779 1236 Abulfida

337 1276 682 1340 secundum
752 1299 977 1343 nomen
1037 1299 1150 1361 per
1210 1279 1639 1342 coniecturam
1685 1276 1850 1354 Qasr
1895 1266 2148 1360 Barqa‘,
2212 1277 2383 1360 quod
2426 1299 2569 1342 cum
2614 1276 2778 1354 Qasr

338 1370 633 1465 Burqu‘a
677 1382 762 1447 ad
806 1383 1114 1448 orientale
1159 1382 1415 1448 es-S'afa
1454 1383 1622 1447 latus
1666 1383 1858 1447 situm
1903 1403 2292 1466 componam,
2340 1383 2577 1448 scribit.

1076 1779 1405 1915 Caput
1479 1783 2048 1883 secundum.

816 1972 1203 2054 Tadmur
1259 1975 1418 2055 sub
1474 1931 1850 2074 imperio
1904 1973 2317 2054 Arabum.

523 2147 682 2212 Cum
713 2149 795 2212 ad
828 2149 912 2224 id,
938 2149 1107 2232 quod
1139 2150 1323 2215 nobis
1353 2150 1818 2232 proposuimus,
1851 2148 2110 2233 propius
2135 2146 2523 2224 accedamuS,
2555 2163 2779 2230 nempe

346 2261 418 2319 ut
449 2254 779 2318 historiam
810 2254 1106 2330 Tadmur‚
1144 2256 1313 2338 quod
1351 2277 1579 2320 nomen
1609 2256 2016 2319 vernaculum
2059 2276 2098 2318 a
2130 2252 2540 2336 scriptoribus
2572 2253 2778 2317 orien-

342 2359 578 2424 talibus
640 2361 843 2424 solum
899 2360 1259 2438 adhibetur,
1320 2361 1401 2426 ab
1444 2361 1626 2425 initio
1687 2361 1865 2442 regni
1928 2358 2267 2423 Muslimici
2315 2353 2777 2434 'describamua

342 2466 876 2550 praemonendum
934 2473 1044 2539 est,
1103 2489 1180 2532 ne
1239 2467 1426 2550 plura
1470 2466 1552 2530 ab
1599 2466 1984 2542 auctoribus,
2044 2486 2202 2547 quos
2248 2465 2589 2547 sequimur,
2634 2486 2781 2546 pos-

343 2592 575 2647 camus,
621 2593 762 2636 cum
795 2572 1046 2655 antiqui
1075 2573 1252 2638 urbis
1287 2579 1491 2637 status
1522 2572 1731 2649 rudeS,
1777 2573 1907 2637 alia
1951 2571 2277 2654 religione,
2322 2570 2466 2634 aliis
2496 2571 2780 2636 moribus

343 2676 514 2741 ducti
576 2674 801 2742 novam
859 2684 923 2742 et
979 2685 1290 2743 recentem
1337 2677 1615 2742 Tadmur
1677 2677 2017 2759 imaginem
2063 2675 2352 2760 pingant.
2453 2675 2779 2741 Nonnulla

343 2789 592 2847 tantum
665 2782 802 2847 fata
877 2784 1107 2849 veteris
1177 2784 1353 2849 urbis
1423 2804 1456 2848 e
1526 2783 1761 2848 vertice
1835 2783 2125 2847 inscitiae
2192 2788 2593 2858 conservata,
2670 2781 2778 2845 sed

343 2888 628 2953 fabulose
693 2887 909 2954 fucata
976 2889 1144 2954 inter
1213 2911 1318 2954 eos
1365 2887 1920 2965 diffundebantur,
2003 2908 2167 2971 quae
2244 2888 2505 2971 proprio
2573 2888 2781 2971 capite

343 2995 506 3059 infra
564 2995 905 3059 tractaturi
972 3016 1142 3058 nunc
1186 2995 1264 3059 de
1309 2995 1407 3072 iis,
1477 3017 1643 3078 quae
1710 2994 1829 3059 sub
1896 2994 2163 3077 imperio
2202 2993 2560 3057 Muslimico
2628 2993 2776 3058 urbi

343 3100 709 3165 accidebant
753 3106 815 3164 et
862 3101 1253 3177 eveniebant,
1304 3102 1697 3166 disseremus.

512 3207 664 3271 Post
731 3213 993 3270 mortem
1059 3206 1490 3272 Muhammadi
1558 3195 1730 3272 'Abu
1807 3205 2002 3283 Bakr,
2064 3205 2307 3289 primus
2377 3204 2644 3282 khalifa,
2714 3204 2782 3269 id

345 3313 583 3393 agebat,
642 3319 715 3376 ut
766 3312 1032 3376 consilia
1090 3312 1438 3396 prophetae
1500 3312 1868 3397 imperfecta
1927 3312 2005 3376 de
2060 3310 2411 3393 subigenda
2457 3310 2642 3395 Syria
2699 3311 2783 3376 ad

349 3415 628 3482 effectum
681 3418 1057 3501 perducerit.
1169 3419 1426 3496 Khalid,
1484 3418 1657 3483 filius
1718 3407 1909 3495 Sa‘id‚
1967 3419 2209 3501 primus
2267 3416 2606 3500 pristinum
2654 3423 2782 3482 ter-

348 3522 576 3586 minum
637 3523 810 3588 ultra
872 3523 1099 3588 Tabuk
1162 3546 1303 3589 cum
1365 3525 1645 3591 exercitu
1708 3525 1996 3601 transiit,
2065 3524 2319 3588 incaute
2377 3528 2587 3586 autern
2646 3545 2780 3588 rem

347 3632 558 3708 'gerens
622 3628 704 3691 ad
754 3627 1294 3713 Mardj-es-suffar
1320 3632 1631 3713 proelium
1678 3630 1866 3695 simul
1914 3637 1976 3695 et
2007 3630 2203 3694 vitam
2234 3628 2464 3693 amisit.
2559 3629 2783 3712 Itaque

348 3709 508 3797 'Abu
540 3732 714 3797 Bakr
745 3736 971 3817 plures
1018 3734 1309 3801 cohortes
1356 3738 1421 3800 in
1453 3737 1881 3801 Palaestinam
1928 3735 2119 3813 misit,
2166 3741 2469 3818 quattuor
2515 3736 2784 3803 ducibus

351 3996 617 4065 Catalogus
656 3996 901 4049 codicum
939 3999 1280 4066 manuscript.
1323 3997 1447 4052 bibl.
1487 3998 1807 4052 Bodleianae
1845 3999 1999 4067 scrip.
2037 3998 2097 4052 P.
2136 3998 2308 4052 Smith
2344 4005 2407 4066 ps
2435 3998 2556 4067 248,
2602 4000 2783 4054 Slane:

351 4084 620 4153 Catalogue
658 4084 751 4137 des
788 4100 1024 4138 manusc.
1067 4085 1355 4157 Syriaques
1393 4087 1457 4139 de
1493 4086 1547 4140 la
1581 4086 1708 4141 bibl.
1748 4087 1959 4141 Nation.
1998 4105 2052 4139 n.
2091 4087 2159 4140 66
2197 4087 2295 4138 etc.

520 4173 558 4242 ¹)
599 4173 679 4226 ed.
726 4171 1026 4226 Gottwaldt.
1065 4174 1107 4225 I.
1151 4174 1411 4229 120—21.

513 4261 553 4330 ²)
597 4260 833 4315 Historia
869 4260 1275 4334 anteislamitica
1310 4263 1390 4315 ed.
1429 4261 1701 4315 Fleischer
1740 4261 1892 4315 1831.
1931 4279 1982 4329 p.
2024 4262 2147 4316 130·
