3250 4684
1716 263 1802 327 46

541 470 876 537 cohaerere
950 471 1197 539 videtur
1214 521 1231 549 ,
1295 495 1487 555 quam
1540 473 1582 538 J
1583 476 1739 557 aqut
1780 471 1996 539 affert:
2020 473 2073 557 1)
2131 473 2370 537 Putant
2428 472 2692 561 incolae,
2735 472 2993 556 inquit,

540 585 948 643 monumenta
1015 585 1195 644 tanto
1268 579 1411 663 plus
1478 587 1751 646 aetatem
1820 579 2171 645 Salomonis
2254 599 2581 662 superare,
2661 586 2988 663 quantum

541 684 707 750 inter
762 685 934 768 ipsos
992 690 1056 750 et
1115 685 1284 750 hunc
1337 707 1545 770 regem
1602 687 2006 752 intervallum
2061 690 2254 763 esset3
2331 685 2502 769 quod
2561 684 2761 769 Jaqfit
2811 707 2987 770 quo-

541 789 875 856 dammodo
920 791 1153 874 probat
1195 791 1481 857 addens}
1526 793 1825 875 profecto,
1872 813 2017 856 cum
2062 791 2345 858 homines
2389 791 2748 857 mirandum
2792 792 2983 876 aspi-

543 897 720 963 ciunt
750 902 1241 976 monumentum,
1273 897 1593 963 Salomoni
1626 898 1695 963 id
1717 898 2043 982 geniisque
2067 899 2445 964 attribuunt.
2510 898 2981 964 Testimonium
3007 910 3019 927 '

545 1002 827 1087 ipsorum
875 1003 1224 1069 incolarum
1269 1004 1509 1069 nullius
1551 1006 1850 1071 momenti
1882 1004 2244 1069 habendum
2280 1025 2413 1070 esse
2443 1004 2660 1082 elucet,
2692 1026 2807 1069 nec
2838 1005 2994 1069 nisi-

543 1108 797 1174 inanem
841 1109 1280 1191 gloriationem
1320 1109 1531 1188 fuisse,
1577 1132 1706 1194 qua
1749 1112 2116 1195 peregrinos
2159 1111 2717 1194 obstupefacerent.

717 1215 947 1281 Exstat
1012 1217 1204 1282 etiam
1259 1216 1433 1299 apud
1492 1217 1593 1281 el-‘
1607 1216 1807 1282 Bakri
1826 1218 1900 1303 2)'
1938 1216 2173 1295 fabula,
2239 1239 2427 1300 quam
2488 1238 2565 1281 ex
2616 1216 2971 1282 traditione

542 1308 827 1399 'Ahmad,
886 1321 1006 1386 filii
1071 1323 1492 1400 Muhammad,
1554 1323 1985 1390 el-Hamdani
2043 1325 2297 1408 profert,
2361 1322 2578 1390 urbem
2622 1346 2664 1389 a
2707 1316 2966 1389 nomine

543 1428 845 1506 Tadmur,
886 1428 1058 1494 filiae
1088 1428 1365 1507 Hassan,
1408 1428 1528 1495 filii
1558 1416 1937 1508 'Udhainae‚
1981 1437 2321 1514 antequam
2354 1431 2603 1497 Salomo
2635 1430 2740 1495 hic
2783 1429 2973 1495 habi-

542 1539 726 1612 taret,
775 1534 1248 1602 denominatam
1293 1556 1457 1613 esse3
1503 1537 1683 1601 cuius
1726 1519 1919 1603 etiam
1963 1537 2315 1621 sepulcrum
2346 1537 2438 1602 ibi
2469 1543 2747 1614 exstare3
2794 1536 2971 1621 quod

542 1648 755 1707 autem
798 1641 966 1708 idem
998 1643 1189 1708 'testis
1220 1641 1516 1720 affirmat,
1559 1641 1727 1708 hanc
1757 1642 2052 1709 feminam
2083 1663 2217 1708 esse
2245 1643 2531 1725 reginam
2562 1664 2628 1708 ez
2643 1642 2973 1709 -Zabbam

543 1769 805 1832 eamque
861 1747 1062 1831 igitur
1118 1756 1267 1814 ante
1311 1749 1664 1815 Salomonis
1717 1756 1989 1815 aetatem
2046 1750 2293 1824 vixisse,
2350 1747 2693 1814 absurdum
2742 1756 2835 1814 est
2880 1755 2964 1826 et,

544 1875 736 1937 quam
780 1855 962 1939 parvi
1007 1855 1306 1921 momenti
1352 1850 1615 1921 traditio
1660 1855 1834 1920 illius
1880 1856 1999 1921 viri
2044 1855 2338 1921 habenda
2382 1854 2483 1932 sit,
2530 1853 2728 1920 docet.

716 1960 797 2025 El
810 1949 1055 2026 -'Athir
1071 1963 1126 2046 ³)
1170 1967 1384 2027 autem
1427 1961 1792 2046 sepulcrum
1835 1961 2001 2028 alius
2046 1961 2319 2044 reginae,
2374 1961 2596 2045 Balqis
2640 1981 2880 2043 nempe,
2925 1981 2965 2025 a

541 2066 874 2133 Salomone
903 2069 971 2133 in
1002 2067 1279 2134 Tadmur
1324 2069 1480 2135 urbe
1531 2075 1959 2135 constructum
2002 2089 2136 2134 esse
2179 2068 2351 2145 vult3
2396 2067 2464 2132 id
2495 2066 2664 2151 quod
2688 2066 2965 2132 studium

539 2172 864 2239 hominum
893 2174 961 2238 in
1008 2174 1265 2263 Oriente
1307 2181 1589 2241 ortorum
1620 2175 2049 2252 ridiculosum,
2094 2172 2195 2239 cui
2236 2174 2574 2240 severiores
2605 2179 2892 2239 auctores
2911 2172 2963 2258 4)

541 2278 776 2345 frustra
820 2279 1238 2359 obluctantur,
1287 2282 1582 2364 sepulcra·
1620 2303 2031 2365 personarum
2062 2281 2130 2345 in
2160 2280 2389 2346 Bibliis
2420 2288 2483 2346 et
2514 2266 2789 2358 Qur'ano
2835 2299 2962 2342 me-

545 2393 931 2452 moratarum
982 2386 1404 2471 investigandi
1449 2387 1660 2453 lucide
1703 2387 1995 2454 ostendit.

720 2493 813 2559 De
836 2493 966 2558 alia
1013 2493 1231 2560 fabula
1252 2494 1335 2560 ad
1366 2488 1760 2561 Salomonein
1791 2493 2133 2578 pertinenti
2163 2482 2436 2558 Mas‘udi
2459 2491 2512 2577 ⁵)
2558 2492 2795 2568 scribit,
2840 2491 2966 2574 qui,

543 2605 879 2684 postquam
949 2599 1435 2685 descriptionem
1479 2601 1699 2685 templi
1744 2601 1909 2666 sacri
1953 2600 2120 2683 ignis
2174 2599 2493 2684 Persepoli
2536 2597 2852 2664 aedificati
2884 2597 2961 2662 ad

544 2704 735 2770 finem
773 2706 1087 2790 perduxit,
1135 2708 1292 2772 haec
1325 2707 1536 2772 addit:
1574 2707 1863 2785 „Salomo
1888 2707 1969 2772 ad
2000 2695 2272 2772 Ba‘lbak
2302 2707 2370 2771 in
2400 2705 2720 2771 territorio
2752 2691 2957 2772 Sha'm

522 2810 787 2897 (Syria)
838 2834 1042 2890 mane,
1098 2834 1352 2897 vespere
1396 2819 1606 2879 autem
1653 2813 1721 2877 in
1765 2813 1887 2879 hoc
1940 2813 2219 2879 sacrario
2276 2812 2511 2878 morari
2569 2812 2812 2878 solebat
2824 2837 2842 2888 3
2886 2831 2955 2875 ex

543 2917 770 2983 itinere
819 2925 1030 2984 autem
1074 2920 1160 2985 ad
1200 2918 1479 2985 Tadmur
1523 2926 1587 2985 et
1629 2920 2045 3005 gymnasium,
2090 2918 2260 3002 quod
2304 2918 2396 2983 ibi
2426 2924 2537 2996 est,
2583 2917 2954 2985 devertebat.

725 3023 847 3090 Sed
882 3020 1060 3091 ‘satis
1117 3025 1195 3091 de
1251 3025 1616 3103 Salomone3
1688 3026 1981 3110 graviora
2036 3031 2375 3091 tractemus
2436 3030 2499 3089 et
2554 3024 2954 3110 inquiramuS,

546 3153 709 3217 quae
789 3132 867 3197 de
942 3132 1220 3216 pristina
1284 3132 1616 3217 Palmyrae
1697 3133 1983 3215 potentia
2060 3132 2477 3215 regnantibus
2545 3131 2829 3197 Odenato
2899 3134 2954 3193 et

544 3239 822 3304 Zenobia
890 3239 1203 3323 ruinaque
1267 3239 1515 3322 imperii
1581 3242 1911 3323 repentina
1975 3238 2044 3303 in
2110 3238 2435 3304 hominum
2497 3236 2798 3303 memoria
2862 3255 2951 3299 re-

543 3346 911 3411 manserint.
986 3344 1164 3423 Quae
1193 3346 1405 3411 omnia
1435 3346 1500 3411 in
1526 3367 1718 3441 unam
1741 3366 1809 3411 ez
1822 3345 2167 3430 -Zabbae⁶)
2190 3344 2469 3411 fabulam
2492 3348 2776 3408 coartata
2799 3347 2952 3419 sunt,

728 3619 767 3690 ¹)
803 3619 941 3674 Sub:
998 3620 1240 3674 Tadmur.

726 3709 768 3779 2)
804 3708 939 3764 Sub:
994 3708 1238 3763 Tadmur.

723 3798 766 3866 ³)
802 3798 844 3851 Ι.
881 3814 1002 3868 pag.
1044 3798 1163 3851 122.

721 3887 765 3958 ⁴)
800 3904 883 3941 ex.
922 3904 997 3957 gr.
1033 3883 1358 3957 Muqaddasi
1394 3901 1510 3955 pag.
1549 3885 1636 3939 36.

723 3977 766 4046 ⁶)
803 3976 883 4030 ed.
920 3975 1139 4030 Barbier
1174 3975 1239 4029 de
1273 3974 1531 4043 Meynard
1567 3976 1606 4026 t.
1644 3973 1740 4027 IV.
1778 3990 1889 4042 cap.
1930 3972 2013 4028 68.

723 4067 766 4134 ⁶)
802 4065 877 4119 ΕΖ
891 4064 1097 4119 -Zabba
1129 4080 1321 4119 nomen
1355 4080 1390 4118 a
1424 4063 1651 4118 Zenobia
1682 4063 1828 4117 haud.
1864 4062 2071 4116 differre
2118 4063 2303 4116 notum
2339 4062 2448 4128 est3
2487 4059 2614 4129 quin
2650 4059 2810 4114 etiam
2845 4075 2940 4112 rec-

547 4156 655 4210 tius
690 4157 788 4222 est,
825 4171 949 4208 cum
985 4154 1041 4207 in
1076 4153 1413 4223 inscriptione
1448 4152 1768 4222 Palmyrena
1803 4151 1964 4222 (apud
1984 4149 2170 4221 Vogfie
2193 4151 2238 4205 Ι.
2266 4150 2354 4219 29)
2390 4150 2516 4203 huic
2540 4148 2750 4217 reginae
2774 4163 2943 4201 nomen

546 4243 800 4313 Septimia
831 4242 971 4298 Bath
997 4242 1185 4312 Zabbaj
1223 4243 1461 4298 additum
1497 4243 1593 4309 sit3
1633 4241 1830 4297 Arabes
1866 4257 2020 4296 suam
2044 4239 2412 4311 etymologiam
2436 4237 2742 4293 adhibentes
2767 4253 2938 4291 nomon

546 4332 870 4402 interpretati
905 4335 1031 4387 sunt
1070 4332 1354 4399 „hi1suta“.
