3250 4684
1689 263 1773 324 36

521 471 816 535 distincte
857 470 1226 554 plerumque
1268 470 1335 535 id
1379 468 1675 536 referunt.
1765 470 1868 537 Sic
1928 470 2050 536 Ibn
2109 471 2333 550 Batfita
2393 470 2613 537 urbem
2672 471 2949 537 vicinam

520 564 848 644 Sukhn'am
893 577 1169 643 maxima
1212 599 1289 644 ex
1318 584 1501 661 parte
1545 599 1586 642 a
1634 576 2018 644 Christianis
2049 577 2468 643 inhabitatam
2516 578 2689 655 dicit,
2746 578 2785 643 J
2788 580 2953 661 aqut

519 684 619 750 el-
636 684 966 769 Qarjatain
1011 685 1363 768 proximam
1392 685 1474 752 ab
1519 685 1723 750 altero
1767 685 1965 751 latere
2005 686 2224 752 urbem
2268 685 2679 750 christianam
2727 690 2945 762 vocat3

517 790 595 855 de
638 790 918 856 Tadmur
961 790 1324 857 huiusmodi
1371 790 1536 856 nihil
1594 791 1898 875 scriptum
1942 797 2055 858 est.
2151 791 2274 857 Sed
2316 772 2585 875 praeter'
2613 791 2946 857 Muslimos

520 896 711 962 etiam
754 896 868 962 alii
912 897 1339 975 nominantur,
1384 897 1427 962 J
1426 897 1613 963 udaei
1656 897 1910 963 scilicet.
2001 897 2185 963 Anno
2229 898 2393 962 enim
2444 900 2632 976 1172,
2679 919 2804 981 quo
2841 898 2946 962 in—

517 1003 798 1069 colarum
842 1025 1172 1069 numerum
1215 1005 1345 1070 iam
1399 1004 1583 1070 valde
1623 1004 2031 1070 imminutum
2088 1003 2390 1082 ducimuS,
2433 1004 2767 1089 Benjamin
2810 1004 2942 1069 Tu-

518 1110 789 1176 delensis
834 1113 1009 1176 2000
1052 1110 1329 1177 Judaeos
1372 1110 1441 1175 in
1484 1110 1644 1176 urbe
1687 1111 1917 1176 vixisse
1960 1117 2251 1189 testatur,
2310 1111 2481 1194 quod
2524 1132 2637 1176 cur
2682 1112 2940 1177 omnino

522 1217 590 1281 in
635 1217 1096 1283 dubitationem
1142 1239 1449 1295 vocemuS,
1494 1217 1783 1301 quamvis
1826 1217 2094 1283 fortasse
2136 1239 2431 1283 numerus
2474 1218 2941 1284 imminuendus

515 1324 618 1401 sit,
670 1345 926 1390 causam
971 1346 1099 1390 non
1145 1322 1470 1390 habemus.
1550 1324 1884 1409 Beniamin
1916 1324 1993 1389 de
2022 1323 2123 1389 his
2152 1324 2412 1390 Judaeis
2442 1324 2723 1390 notabile
2752 1324 2941 1408 quid-

516 1429 664 1496 dam
693 1437 1032 1496 memorat:
1076 1431 1245 1497 viros
1276 1451 1382 1496 eos
1403 1431 1596 1513 fuisse
1625 1430 2017 1509 fortissimos,
2046 1437 2120 1496 ut
2149 1432 2260 1514 qui
2283 1437 2503 1497 contra
2524 1430 2689 1497 filios
2710 1419 2939 1497 'Edom

516 1544 581 1603 et
622 1536 790 1603 filios
834 1526 1053 1616 ‘Arab,
1101 1538 1213 1622 qui
1260 1537 1378 1603 sub
1422 1537 1687 1621 imperio
1730 1536 2181 1603 Nur-ed-Din
2239 1543 2497 1616 starent,
2538 1537 2774 1604 bellum
2831 1559 2939 1621 ge-

512 1650 726 1710 rerent
770 1651 832 1710 et
874 1644 1289 1709 Ismaeliticos
1333 1644 1571 1709 vicinos
1616 1643 2007 1709 adiuvarent.
2084 1644 2411 1728 Principes
2456 1665 2673 1709 eorum
2717 1644 2937 1728 appel-

510 1750 605 1815 lat
648 1750 857 1816 Rabbi
902 1750 945 1815 J
945 1751 1131 1834 lzhaq
1173 1750 1501 1835 Hajawani
1546 1751 1615 1837 (i.
1668 1770 1717 1818 e.
1764 1750 2089 1834 Graecus),
2150 1750 2357 1816 Rabbi
2403 1750 2681 1828 Nathan,
2724 1749 2936 1816 Rabbi

507 1843 673 1922 ‘'Usi
675 1858 751 1923 el
843 1857 1057 1923 Primo
1102 1856 1332 1923 obtutu
1374 1856 1642 1921 Iudaeos
1686 1856 1833 1922 illos
1874 1856 1944 1921 in
2002 1856 2103 1921 61-
2074 1855 2352 1942 -Hidjaz
2413 1856 2697 1922 sedentes
2752 1855 2934 1922 belli-

510 1985 686 2028 cosos
733 1983 1180 2046 recognoscere
1210 1963 1353 2029 vide
1363 1983 1525 2040 mur,
1570 1963 1682 2046 qui
1725 1963 1793 2028 in
1836 1962 2090 2028 arcibus
2133 1962 2404 2047 lapideis
2447 1963 2853 2046 regulorum
2834 1984 2932 2027 m-

513 2075 650 2135 star
695 2069 1208 2148 dominabantur,
1252 2069 1452 2135 donec
1490 2068 1897 2134 Muhammad
1940 2075 2004 2134 et
2023 2059 2242 2135 ‘Omar
2284 2068 2530 2135 khalifa
2571 2070 2657 2136 ad
2686 2075 2931 2154 septen-

505 2176 779 2242 trionem
838 2196 944 2242 eos
999 2176 1407 2261 expulerunt,
1470 2175 1580 2242 sed
1624 2175 1742 2240 hic
1804 2175 2015 2258 gravis
2071 2175 2589 2242 anachronismus
2647 2197 2721 2241 eo
2775 2182 2932 2241 tem-

514 2304 667 2367 pore
709 2289 889 2361 esset‚
931 2304 1055 2366 quo
1102 2274 1396 2349 omnibus
1438 2282 1594 2348 locis
1640 2281 1682 2347 J
1685 2281 1918 2348 udaeos
1976 2288 2355 2349 mercatores
2400 2289 2463 2348 et
2519 2281 2772 2366 opifices
2830 2304 2932 2349 re-

513 2390 813 2474 perimuS,
858 2412 953 2455 ex.
1001 2410 1093 2472 gr.
1141 2389 1519 2456 Antiochiae
1562 2389 1711 2455 vitri
1756 2388 2185 2467 fabricatores,
2227 2390 2294 2454 in
2339 2396 2552 2456 monte
2581 2390 2931 2455 Drusorum

510 2496 836 2562 institores
880 2501 945 2560 et
987 2496 1309 2574 tinctores»,
1353 2495 1503 2582 Tyri
1550 2495 1882 2561 naucleros
1936 2504 2001 2562 et
2046 2495 2198 2562 vitri
2241 2496 2413 2561 illius
2458 2496 2616 2562 clari
2658 2494 2933 2562 fabrica-

510 2609 678 2667 tores
722 2609 786 2667 et
826 2602 988 2668 alios
1045 2602 1234 2669 aliter
1291 2608 1647 2686 occupatos.
1676 2601 1727 2688 1)
1817 2600 1986 2667 Puto'
2036 2602 2251 2685 igitur,
2303 2602 2635 2687 Benjamin
2693 2601 2930 2669 factum

511 2708 830 2793 quoddam
873 2709 1238 2774 recentioris
1267 2707 1604 2774 memoriae
1639 2707 1821 2774 nobis
1850 2708 2137 2792 ignotum
2168 2708 2516 2792 designare.
2592 2707 2730 2786 Quo
2762 2709 2925 2775 enim

510 2815 851 2882 certamine
897 2816 996 2880 illi
1025 2821 1246 2881 contra
1278 2814 1676 2881 Christianos
1721 2820 1785 2882 et
1831 2836 1959 2880 non
2005 2816 2258 2898 quidem
2288 2815 2565 2882 Francos
2606 2815 2717 2881 sed
2760 2815 2924 2882 indi-

509 2943 703 3006 genas
724 2924 778 3007 ²)
840 2928 904 2987 et
938 2906 1167 2988 'contra
1209 2920 1373 2987 filios
1423 2910 1619 2988 ‘Arab
1664 2921 1706 2986 i.
1755 2942 1807 2986 6.
1852 2921 2247 3000 Badawinos,
2293 2922 2407 3005 qui
2452 2920 2926 3000 Nur-ed-Din,

509 3028 786 3113 principi
833 3027 1129 3094 Damasci
1176 3033 1240 3093 et
1281 3027 1521 3104 Halab,
1553 3027 1821 3093 subiecti
1866 3034 2066 3106 erant,
2109 3029 2549 3112 pugnaverint,
2605 3029 2785 3093 nulla
2827 3048 2925 3093 re-

509 3135 749 3201 latione
793 3141 1095 3201 testatum
1139 3134 1463 3201 habemus.
1557 3133 1741 3211 Quod
1785 3135 2043 3218 insuper
2084 3135 2170 3200 ad
2199 3122 2632 3202 'Ismaeliticos
2676 3135 2921 3212 attinet,

511 3263 637 3325 quo
669 3241 921 3306 nomine
944 3241 1115 3325 apud
1138 3240 1468 3326 Benjamin
1490 3241 1904 3307 communiter
1926 3241 2206 3307 Muslimi
2231 3241 2685 3325 significantur,
2709 3247 2921 3308 nostro

505 3349 644 3414 loco
673 3348 912 3414 incolas
955 3346 1369 3414 finitimarum
1412 3347 1664 3414 urbium
1700 3336 1880 3425 ‘Ura
1922 3346 2214 3427 Rusafae,
2268 3348 2548 3433 Raqqae,
2593 3370 2757 3432 quae
2804 3347 2916 3415 alii
2999 3390 3003 3401 -

508 3455 861 3521 dominatui
905 3454 1253 3520 submissae
1294 3459 1495 3531 erant,
1538 3453 1844 3536 intelligo.

680 3560 812 3628 Nec
856 3582 1046 3645 porro
1088 3560 1130 3626 J
1131 3559 1476 3626 udaeorum
1506 3559 1575 3625 in
1605 3560 1764 3626 urbe
1792 3559 2219 3627 habitantium
2260 3561 2495 3627 mentio
2537 3559 2627 3626 fit.
2704 3560 2921 3646 Neque

508 3674 728 3753 postea
756 3673 891 3733 tam
935 3687 1299 3733 numerosos
1343 3666 1436 3733 ibi
1481 3687 1587 3733 eos
1649 3664 1843 3732 fuisse
1895 3667 2196 3752 suspicor,
2241 3667 2409 3752 quod
2454 3687 2526 3733 eo
2570 3668 2707 3752 ipso
2765 3672 2922 3733 tem-

506 3795 677 3859 pore,
723 3795 848 3857 quo
894 3772 1224 3858 Benjamin
1268 3773 1710 3856 peregrinatus
1755 3780 1868 3851 est,
1921 3773 2199 3839 conditio
2257 3774 2448 3840 huius
2492 3775 2698 3857 gentis
2738 3795 2919 3858 prae-

504 3882 688 3965 cipue
734 3880 804 3945 111
847 3879 1187 3945 territoriis
1230 3878 1722 3964 Mesopotamiae
1761 3885 1824 3946 et
1868 3881 1927 3946 el
1942 3869 2150 3965 -‘Iraq
2196 3880 2380 3946 valde
2421 3879 2705 3947 florebat.

684 4144 725 4213 1)
760 4143 896 4197 Vide
931 4143 1031 4198 sub
1067 4104 1151 4199 hi's
1186 4143 1405 4199 urbibus
1440 4160 1522 4213 ap.
1559 4144 1853 4214 Benjamin.

682 4232 724 4300 2)
760 4233 1065 4287 Absurdum
1113 4235 1210 4305 est,
1248 4233 1387 4303 quod
1422 4233 1477 4285 in
1525 4233 1853 4287 adnotatione
1900 4234 2025 4285 tom.
2063 4232 2117 4286 Π
2153 4233 2392 4286 editionis
2429 4233 2600 4285 Asher
2645 4232 2807 4288 verba
2851 4232 2913 4287 ad

503 4319 731 4375 Francos
767 4322 1079 4374 referuntur.
